2020 2748
805 224 1008 289 ε-ευτξἾ
1041 221 1192 289 ³5⁶<
1250 226 1372 284 2:0³·-

346 341 466 394 enim
501 346 679 405 fimplex
714 360 738 389 a
773 346 952 402 simplici
1002 345 1245 388 ventriculo
1295 335 1563 400 produciturss
1642 340 1742 388 Hoc
1781 344 1830 389 in

350 415 531 468 simplex
566 416 754 456 ieiunum
782 424 826 454 et
861 412 988 454 ileum
1017 413 1266 461 continuat,
1301 413 1414 466 quod
1451 411 1620 452 tandem
1650 409 1693 450 in
1721 410 1828 453 duos

351 480 518 520 canales
572 478 803 529 diuiditur,
854 489 1037 531 quorum
1088 478 1194 517 alter
1243 478 1285 518 in
1322 478 1447 518 crassa
1497 475 1690 517 intestina
1742 475 1828 517 abit

350 544 454 585 alter
487 553 626 584 autem
661 542 950 584 intestiuulum
986 543 1214 597 producit,
1260 542 1395 596 aliqua
1431 540 1694 596 longitudine
1729 552 1832 594 pro-

348 608 528 653 cedens,
598 618 691 647 tum
747 604 829 647 fine
886 619 1019 648 caeco
1063 607 1270 648 clausum.
1350 606 1519 649 Deinde
1570 605 1671 646 loco
1719 605 1834 646 duo-

348 685 444 713 rum
494 671 788 713 intestinorum
840 683 1094 722 caecorum,
1137 685 1248 724 quae
1283 673 1327 713 in
1361 672 1529 726 gallinis
1583 671 1700 721 suut,
1751 669 1834 711 tria

348 747 469 778 erant
519 738 562 776 in
613 735 697 776 hoc
747 735 869 790 pullo
903 736 1075 788 aequali
1121 735 1393 790 longitudine
1438 747 1488 777 «et
1538 735 1672 788 figura
1717 734 1834 776 fimi-

348 802 405 851 li,
455 811 502 842 vt
538 813 744 855 quaenam
799 813 947 842 eorum
996 799 1230 850 naturana,
1278 802 1394 855 quod
1442 802 1721 842 accefforium
1769 797 1836 840 es-

349 867 439 915 set,
503 865 665 908 definiri
714 878 803 906 non
856 864 1002 921 posset.
1085 861 1275 908 Caetera
1325 866 1482 908 viscera
1526 867 1681 908 omnia
1730 863 1836 905 tho-

349 932 456 973 racis
492 941 534 972 et
566 931 806 971 abdominis
857 930 1062 983 fimplicia
1108 940 1149 972 et
1188 931 1400 973 naturalia
1448 931 1557 972 sunt.
1619 929 1717 985 Jpfi
1768 941 1836 971 re-

348 1009 448 1043 nes,
506 994 729 1049 ipsumque
780 994 1024 1034 intestinum
1082 995 1245 1034 rectum
1296 995 1499 1048 simplicia
1557 995 1664 1035 sunt.
1766 990 1835 1035 Ο·

351 1061 468 1102 mnia
502 1060 560 1099 ita
591 1055 776 1098 formata
807 1058 868 1098 ita
903 1057 1040 1111 posita
1088 1057 1208 1107 sunt,
1254 1058 1398 1110 qualia
1444 1058 1567 1110 pullo
1601 1057 1832 1110 primario,

352 1128 402 1168 ad
423 1136 549 1179 quem
586 1123 823 1176 pertinent,
868 1123 1153 1162 conueniunt.
1234 1120 1370 1176 Quod
1416 1121 1562 1163 referri
1613 1121 1746 1175 posset
1780 1119 1834 1162 ad

351 1190 517 1245 pullum
552 1186 766 1239 spurium,
811 1186 922 1225 nihil
952 1186 1189 1236 quidquam
1230 1187 1442 1239 apparuit.
1517 1185 1582 1227 Vt
1612 1185 1730 1227 collo
1762 1197 1834 1226 er·

351 1266 409 1307 go
445 1260 493 1292 vt
527 1251 688 1304 capite,
731 1258 780 1288 vt
810 1247 1044 1288 abdomine
1076 1256 1122 1286 et
1156 1246 1353 1296 thorace,
1399 1250 1627 1290 visceribus
1658 1260 1834 1303 quoque

350 1318 424 1361 hic
459 1324 576 1358 caret
610 1313 819 1354 omnibus.

541 1440 845 1496 Prosequendo
879 1447 1026 1479 autem
1061 1436 1307 1478 intestinum
1347 1436 1540 1486 retium,
1590 1435 1754 1479 nullum
1785 1450 1836 1480 e-

356 1510 420 1552 ius
455 1509 585 1550 finem
621 1509 735 1548 intra
780 1505 987 1546 abdomen
1036 1502 1195 1557 reperi,
1247 1503 1319 1555 qui
1359 1501 1520 1543 saccum
1557 1516 1729 1544 caecum
1767 1516 1839 1545 re·

356 1577 502 1617 ferret.
563 1571 687 1625 Stylo
720 1572 763 1612 in
796 1571 1027 1611 cauitatem
1061 1567 1248 1608 intestini
1279 1567 1453 1614 adacto,
1488 1569 1655 1613 exitum
1694 1567 1836 1622 huius,

358 1652 400 1682 et
437 1651 590 1681 verum
622 1636 838 1680 orificium
873 1635 943 1674 ani
977 1643 1153 1674 externe
1188 1633 1297 1671 iuter
1331 1632 1494 1686 plumas
1526 1632 1685 1678 detexi,
1742 1632 1835 1676 Hoc

354 1707 479 1748 iuxta
513 1704 652 1745 femur
681 1701 890 1743 sinistrum
921 1697 1026 1753 pulli
1059 1697 1316 1747 iecundarii,
1350 1698 1462 1750 quod
1496 1698 1603 1754 pulli
1637 1698 1834 1752 primarii

359 1769 629 1811 accessorium
680 1766 819 1807 femur
866 1764 1071 1804 dextrum
1105 1762 1192 1809 est,
1242 1763 1286 1801 in
1319 1776 1368 1803 ea
1404 1764 1494 1805 sede
1539 1763 1834 1818 aperiebatur,

357 1847 466 1888 quae
499 1834 619 1874 iuxta
656 1831 888 1884 marginem
922 1828 1126 1868 dextrum
1157 1825 1254 1867 offis
1287 1828 1392 1869 {acri
1423 1828 1495 1871 est.
1572 1827 1835 1884 Magnitudo

358 1913 406 1942 ea
444 1899 527 1952 est,
560 1907 607 1939 vt
640 1896 845 1939 aciculam
877 1896 1044 1947 aegrius
1077 1892 1284 1935 admittat.

547 2027 643 2068 Hoc
679 2026 754 2068 situ
787 2023 945 2066 orificii
980 2021 1241 2064 considerato
1284 2027 1480 2074 apparet,
1533 2017 1640 2059 illud
1689 2017 1835 2059 secun-

358 2094 478 2137 dario
513 2105 598 2134 non
636 2094 774 2147 minus
810 2103 942 2145 quam
979 2088 1184 2143 primario
1221 2086 1334 2139 pullo
1372 2084 1627 2135 conuenire,
1662 2092 1706 2124 et
1735 2083 1836 2124 vtri-

359 2173 440 2214 que
476 2170 707 2200 commune
741 2157 831 2198 esse.
901 2152 1028 2196 Vnde
1064 2165 1194 2207 porro
1229 2150 1445 2205 singularis
1482 2149 1583 2191 haec
1618 2147 1836 2202 pullorum

363 2225 619 2277 compositio
668 2223 900 2264 accuratius
954 2218 1198 2274 intelligitur
1235 2228 1277 2256 ct
1330 2218 1496 2258 cuinam
1549 2214 1837 2257 monstrorum

366 2290 518 2346 generi
551 2288 623 2331 issa
655 2287 852 2344 proxime
903 2284 1086 2329 accedat.
1169 2280 1356 2327 connati
1407 2284 1500 2325 suut
1536 2279 1836 2383 propriesger·

1723 2356 1742 2382 c
1788 2350 1830 2379 us
