2020 2748
632 196 744 248 υἷε-ἐξ
807 190 823 252 ὶ
860 192 950 248 209'
987 193 1005 253 (
1063 193 1180 248 ἔξω

185 309 251 354 m‘s
285 316 369 365 cap.
408 312 476 353 16.
503 316 548 365 p.
584 307 697 364 68.),
730 309 923 363 idemque
955 308 1073 364 plura
1107 307 1213 356 fere,
1247 319 1374 362 quam
1409 304 1629 362 quisquam

188 375 314 422 alius,
363 376 413 414 de
447 376 594 414 eodem
630 371 808 425 reliquit.
888 372 1065 422 Scribit,
1119 372 1206 412 “in
1245 371 1460 415 Guzurata
1493 370 1634 413 Indiae

187 437 317 477 “dari
356 435 646 491 Vespertiliones
695 435 765 491 (vt
801 449 883 477 non
928 437 1036 477 male
1079 434 1228 491 vocat)
1280 434 1507 484 mirabiles,
1558 435 1631 488 qui

187 501 213 525 “
231 501 454 554 gregatim,
489 501 673 540 anserum
711 499 968 551 {yluestrium
1006 511 1145 549 more,
1197 499 1363 546 volent,
1416 500 1523 539 circa
1559 511 1634 538 ve-

185 565 388 617 “speram
425 565 466 604 in
503 566 596 603 ae're
647 561 886 603 oberrantes
928 563 992 604 vel
1040 575 1095 603 ex
1141 563 1354 604 arboribus
1409 562 1634 616 pendulos;

187 627 386 679 “quique
419 628 478 666 vti
514 625 625 666 mole
661 626 752 674 sua,
802 639 884 679 qua
919 627 1041 666 felem
1078 637 1282 680 aequant,
1332 627 1388 668 ita
1424 637 1465 666 et
1498 626 1634 665 forma

183 693 211 714 “
231 690 447 743 singulari,
482 690 650 730 aduenis
686 689 763 729 fint
798 690 1013 730 miraculo.
1081 690 1225 743 Belgas
1262 690 1340 729 illis
1377 701 1530 729 nomen
1565 687 1634 730 Si-

186 753 397 793 “miarum
440 752 638 793 alatarmn
674 753 869 792 indidisse.
884 751 908 770 ”
987 752 1156 792 Adiecit
1189 753 1357 794 Bontius
1393 765 1556 806 iconem
1594 765 1638 791 a·

184 815 368 863 nimam,
406 816 549 857 rudem
587 816 698 854 illam
737 815 931 869 quidem,
967 825 1148 855 attamen
1183 829 1235 856 ex
1273 816 1502 869 vnguibus,
1545 813 1637 868 pel·

180 879 221 920 le
257 891 407 931 corpus
444 888 578 918 totum
616 878 822 918 ambiente
856 890 897 919 et
931 879 1216 931 variegatione
1252 880 1414 918 velleris
1449 880 1636 930 apprime

183 943 515 994 dignoscendam.
584 939 821 992 Descriptio
853 952 1022 991 quoque
1056 943 1143 980 eius
1178 940 1270 978 satis
1311 952 1440 979 verax
1476 940 1561 990 est;
1595 942 1638 980 in

180 1017 262 1056 qua
296 1003 536 1056 praesertim
575 1003 826 1049 notandum,
879 1001 991 1052 quod
1027 1002 1163 1041 dicat:
1216 1001 1479 1055 “tripedales
1516 1014 1638 1054 repe-

177 1069 206 1090 “
225 1066 322 1112 riri,
372 1065 500 1104 cauda
554 1062 803 1117 spithamea;
852 1059 999 1104 vellere
1037 1063 1477 1119 supralcuniculorum
1517 1077 1635 1105 more

177 1131 205 1153 “
226 1126 486 1175 mollissimo,
538 1140 643 1169 cano
678 1129 882 1180 nigroque
919 1127 1034 1167 vario
1073 1128 1233 1179 vestiri3
1281 1128 1412 1182 capite
1447 1126 1523 1167 effe
1558 1126 1634 1167 ob-

178 1196 204 1216 “
225 1192 369 1244 longo,
404 1190 588 1245 adspectu
624 1191 765 1242 foedo,
799 1190 902 1229 fietu
939 1190 1120 1237 imbelli,
1154 1190 1338 1230 dentibus
1367 1190 1543 1242 exiguis,
1578 1190 1628 1231 ad

178 1259 205 1279 “
225 1255 412 1307 rapinam
447 1253 713 1303 compofitis3
745 1250 934 1290 auriculis
971 1251 1130 1303 paruis,
1167 1252 1515 1300 membranaceis,
1564 1265 1632 1292 ro-

180 1318 207 1339 “
225 1315 386 1360 tundis,
439 1322 480 1352 et
514 1323 666 1364 vngues
716 1311 865 1352 habere
901 1313 941 1352 in
987 1315 1179 1355 omnibus
1234 1317 1402 1368 pedibus
1452 1316 1630 1369 quinos,

180 1379 207 1400 “
228 1376 374 1429 quibus
393 1375 600 1415 mordicus
627 1374 750 1415 obuia
779 1388 966 1429 quaeque
996 1377 1171 1427 retinet,
1203 1380 1410 1434 imprimis
1430 1378 1628 1420 arborum

178 1442 204 1463 ⁴‘
223 1441 405 1489 fructus,
439 1450 542 1492 quos
577 1436 887 1491 depopulatur.'’

363 1567 458 1610 Post
489 1567 667 1610 Bontium
702 1567 741 1607 in
779 1565 992 1618 Miscellan.
1030 1565 1128 1608 Nat.
1168 1565 1320 1621 Curiofi
1357 1569 1454 1611 Dec.
1491 1567 1521 1608 I.
1558 1582 1625 1611 an.

180 1646 225 1684 9.
262 1643 299 1674 et
336 1644 404 1672 10.
443 1630 514 1685 obſs
553 1645 652 1683 194·
681 1638 724 1685 p.
762 1643 867 1682 455.
932 1630 1160 1684 Hellbigius
1195 1631 1305 1671 inter
1336 1634 1450 1673 varia
1484 1632 1628 1673 Indiae

182 1697 339 1737 curiosa
375 1695 554 1737 recenset
601 1688 716 1736 Feles
761 1695 973 1743 volantes,
1028 1707 1113 1747 quo
1148 1694 1217 1735 sub
1255 1697 1424 1736 nomine
1460 1694 1626 1737 Sciuros

173 1760 413 1815 petauristas
448 1756 521 1815 (b)
559 1759 798 1800 intellexisse
834 1760 1028 1808 videtur,
1062 1768 1101 1799 et
1119 1757 1271 1799 Simius
1306 1764 1515 1809 volantes,
1544 1758 1626 1798 huc

180 1823 492 1865 verofimillime
527 1823 745 1874 facientes,
790 1835 887 1875 quas
925 1823 966 1861 in
1005 1821 1256 1863 Halmahera
1289 1822 1416 1863 insula
1446 1821 1624 1876 reperiri

181 1897 417 1941 acceperat;
452 1887 547 1928 noui
581 1887 848 1940 caeteroquin
885 1886 990 1927 nihil
1025 1886 1076 1926 de
1109 1897 1252 1927 earum
1307 1885 1447 1926 indole
1499 1896 1623 1938 atque

181 1951 286 1992 form
295 1966 317 1992 a
353 1950 547 1992 adferens.

1470 2009 1627 2051 Melius

227 2126 280 2174 (b)
310 2127 518 2178 Mistellama
541 2132 675 2179 Zoolog.
702 2129 819 2180 Hagae
845 2128 938 2164 Com.
961 2128 1069 2176 1766.
1097 2126 1186 2163 edita
1209 2139 1243 2173 p.
1267 2138 1332 2177 54.
1359 2123 1424 2163 tab.
1451 2124 1523 2163 VI.
1546 2124 1635 2162 Pen-

370 2192 449 2222 nant
466 2184 604 2236 synopfi'
627 2189 669 2234 of
687 2187 850 2238 quadrup.
874 2198 914 2235 p.
944 2195 1024 2233 292.
1052 2191 1075 2221 t.
1100 2196 1156 2234 27.

176 2260 277 2305 Acta
294 2264 417 2306 Acad.
440 2265 540 2319 Imp.
558 2264 624 2306 Sc.
643 2264 747 2307 Tom.
770 2265 829 2308 IV.
850 2267 896 2306 P.
917 2262 947 2305 1.
1168 2260 1209 2304 D
1244 2261 1270 2301 d
