2020 2748
624 234 736 287 »5:³13
800 228 995 290 )211(
1058 230 1174 283 Q«-

361 349 532 393 Iconem
587 344 875 402 Galeopitheci
910 362 932 388 a
968 344 1158 389 Camellie»
1204 343 1505 395 transmissam,
1555 340 1622 385 sed

177 414 319 456 rudem
347 425 388 454 et
417 412 697 460 inconditam,
741 424 763 452 e
793 413 884 452 solis
911 411 995 452 fere
1022 411 1175 466 pedum
1204 408 1384 457 falculis,
1405 407 1624 448 ambeunte

179 477 444 526 membrana,
510 474 752 527 lineolisque
814 475 977 516 velleris
1036 472 1349 526 dignoscendam
1402 471 1623 513 Pctiverius

178 539 471 595 Gazophylacio
506 542 577 580 suo
611 539 777 579 inseruit
813 537 961 592 (Oper.
1000 536 1080 580 Vol.
1114 536 1147 578 1.
1181 535 1262 577 tab.
1300 551 1342 586 9.
1370 536 1442 588 fig.
1486 543 1524 578 8.
1560 547 1623 576 ca-

176 605 249 645 tal.
284 618 320 645 n.
363 603 492 653 175.).
558 602 686 643 Paulo
722 602 938 643 meliorem
975 601 1118 643 deinde
1153 600 1481 642 communicauit
1515 597 1622 640 Seba

176 664 368 722 (thesaur.
404 666 484 709 Vol.
516 664 548 706 Ι.
592 674 638 721 p.
671 678 756 725 933
782 665 864 706 tab.
901 675 972 714 58.
1000 666 1077 718 fig.
1120 678 1157 704 2.
1197 661 1277 718 3.)‚
1328 677 1430 717 qnae
1482 671 1623 703 tamen

177 741 315 782 neque
351 730 674 785 proportionem
722 729 952 782 palmarum
991 730 1100 769 reste
1136 728 1289 776 seruat,
1340 740 1475 781 neque
1511 726 1622 768 strias

178 793 343 834 velleris
375 795 601 847 exprimit,
636 802 680 831 et
716 793 757 832 in
793 792 986 834 coloratis
1021 791 1330 844 exemplaribus
1366 791 1486 832 huius
1521 802 1623 844 ope-

177 857 232 897 ris
268 856 432 910 prorsus
470 857 606 897 alieno
638 855 809 903 colore,
856 857 1181 908 gryseo-fusco,
1234 854 1433 896 vniformi
1467 854 1626 895 obduc-

176 928 218 959 ta
253 921 448 961 cernitur.
530 919 645 960 Idem
682 919 736 958 est
772 919 920 958 vitium
959 920 1090 957 iconis
1137 916 1415 968 Frfihianae,
1465 916 1624 958 Sebana

175 983 301 1024 etiam
352 983 531 1034 peioris,
582 982 644 1022 cui
696 979 812 1032 pellis
863 980 988 1019 farCta
1037 977 1168 1031 Musei
1213 979 1445 1020 Academiae
1480 978 1626 1031 Regiae

172 1043 431 1097 Berolinetfis
466 1056 542 1096 pro
577 1041 805 1094 archetypo
840 1041 937 1087 fuit,
972 1042 1144 1094 puluere
1181 1052 1224 1082 et
1259 1044 1505 1096 antiquitate
1542 1043 1621 1082 fus-

171 1115 284 1154 cata,
339 1116 513 1159 totaque
564 1105 715 1161 (quum
769 1117 858 1145 eam
897 1103 1011 1156 vidi)
1061 1104 1231 1157 depilis,
1283 1108 1343 1146 vti
1379 1117 1420 1146 et
1464 1107 1621 1159 pidiura

171 1167 364 1223 Frischii,
416 1182 512 1211 meo
546 1170 711 1222 quidem
746 1169 923 1215 iudicio,
977 1170 1142 1220 optime
1180 1169 1328 1218 refert,
1382 1182 1621 1221 quanquam

174 1233 319 1274 audior
354 1232 459 1286 pilos
497 1232 672 1280 molles,
709 1231 912 1281 talparum
950 1230 1093 1269 velleri
1129 1230 1277 1270 ssmiles
1314 1231 1475 1273 adfuisse
1508 1233 1622 1272 dicat

174 1293 304 1348 (leon.
339 1297 476 1332 avium
503 1293 607 1344 claff.
641 1290 740 1334 VIII.
774 1290 859 1329 tab.
883 1289 996 1343 104.)
1033 1301 1075 1331 et
1110 1292 1296 1334 colorem
1333 1308 1500 1348 quoque
1534 1294 1622 1335 vel-

174 1354 299 1406 letis,
333 1354 400 1394 sed
434 1354 557 1394 alium
594 1353 742 1405 plane,
788 1365 909 1403 quam
948 1354 1100 1395 fuscum
1137 1356 1256 1396 istum
1294 1358 1403 1398 iconi
1440 1359 1620 1407 illitum,

177 1416 388 1461 describat,
469 1415 620 1455 Nescio
655 1416 706 1456 fic
741 1416 861 1456 etiam
910 1418 1018 1456 vnde
1063 1420 1247 1460 sumserit
1281 1420 1479 1474 Frifihim
1515 1433 1620 1475 quae

177 1480 228 1519 de
262 1479 354 1519 Fele
403 1479 472 1520 sua
520 1478 682 1520 volante
732 1477 810 1532 (fic
854 1481 965 1520 enim
1020 1492 1238 1533 praeeunte
1273 1482 1378 1524 Seha
1427 1486 1617 1538 vocauit,

178 1542 242 1582 sed
281 1541 426 1583 Martis
461 1542 634 1583 volantis
685 1553 860 1590 nomen,
915 1543 1049 1582 nescio
1086 1555 1170 1594 quo
1205 1545 1499 1596 fundamenm,
1548 1562 1621 1601 ap-

177 1606 256 1646 tius
291 1605 380 1645 sore
417 1602 555 1659 putat)
606 1605 753 1647 ibidem
806 1606 967 1646 retulit:
1018 1606 1268 1649 “celerrimi
1319 1613 1395 1650 effe
1430 1611 1618 1661 volatus,

178 1669 265 1709 “in
301 1668 497 1709 inferiore
533 1679 666 1709 tamen
717 1670 885 1721 regione
935 1670 1039 1710 a'e'ris
1094 1673 1275 1725 morari,
1326 1673 1393 1713 vbi
1434 1676 1617 1727 gyratim

181 1730 372 1772 “volans
409 1732 602 1784 praedam
639 1731 876 1782 sectetur?
910 1755 949 1762 —
985 1733 1084 1773 haec
1137 1736 1247 1786 enim
1300 1738 1442 1777 omnia
1501 1738 1618 1790 supra

180 1794 322 1834 adlatis
357 1794 489 1835 Bontii
520 1805 639 1849 atque
674 1795 884 1842 Camellii‚.
927 1796 1007 1836 fide
1057 1797 1387 1848 dignissimorum
1438 1813 1512 1856 per
1551 1815 1618 1843 au-

180 1858 352 1912 topfiam
388 1859 628 1915 aneorum,
663 1873 683 1901 e
718 1859 873 1900 dired'to
906 1860 992 1901 fere
1026 1862 1329 1907 contradicunt.

363 1984 464 2026 Non
500 1989 906 2044 praetermittendus,
941 1989 1063 2030 etiam
1100 1991 1187 2035 hic.
1227 1990 1430 2040 Valentym
1465 1991 1535 2042 qui
1571 1992 1616 2033 in

186 2049 360 2091 verboso
403 2062 529 2102 opere
573 2052 729 2106 belgico
775 2054 891 2108 (Qud
923 2065 966 2094 en
999 2055 1130 2095 nieuw
1166 2055 1391 2110 Oostindien
1428 2055 1508 2096 Vol.
1542 2055 1613 2099 ΙΙΙ.

177 2121 222 2168 p.
259 2111 389 2166 269.)
432 2112 722 2168 Galeopitheci
775 2129 937 2169 quoque
971 2120 1136 2158 videtur
1173 2120 1424 2158 mentionem
1461 2118 1610 2159 fecisse.

178 2176 315 2216 Habet
350 2186 485 2215 autem
523 2177 619 2219 haec
655 2192 756 2223 duae
793 2180 873 2220 huc
910 2182 1071 2233 possunt
1111 2181 1275 2222 referri:
1312 2180 1505 2229 „Nautas
1541 2195 1613 2221 na-

185 2240 287 2291 „uis
334 2240 543 2282 cuiusdam
580 2239 632 2297 ('t
665 2241 792 2297 Jacht
824 2257 907 2284 van
941 2241 1092 2298 Boero)
1143 2257 1247 2298 quae
1297 2243 1426 2286 Anno
1480 2249 1613 2296 1677.

861 2306 946 2348 Dd
984 2321 1006 2347 2
1437 2322 1613 2363 „prope
