2020 2748
831 241 946 292 »5213
1015 235 1211 295 )230(
1275 237 1391 290 &2030-

843 348 1332 430 Experimentum
1369 347 1432 408 6.

565 464 748 517 Oleum,
785 479 956 525 propter
991 481 1172 524 vapores
1208 467 1375 517 acidOS‚
1410 465 1552 506 denuo
1587 460 1773 504 ablutum
1809 476 1851 506 et

378 534 532 574 iterum
571 535 694 586 super
727 533 893 579 residuo
929 533 1188 576 cohobatum
1224 531 1318 572 fuir.
1403 528 1564 571 Prodiit
1599 537 1697 568 tunc
1736 540 1757 567 e
1793 529 1855 571 fu-

377 596 680 645 scouirescente
731 597 904 650 colore,
955 598 1142 654 pondere
1193 597 1263 638 sex
1300 597 1546 645 vnciarum3
1601 585 1854 650 phlegmatis

379 672 518 704 autem
556 660 864 713 temidtachma
899 663 1050 706 adfuit.
1139 661 1365 702 Residuum
1401 657 1745 715 praecedentium
1769 649 1857 700 'tii-'-

376 740 449 768 um
504 724 835 768 destillationum
893 725 1026 783 Caput
1082 735 1282 766 mortuum
1329 726 1493 779 pondus
1560 723 1705 763 vnciae
1757 735 1855 764 cum

378 791 709 846 sesquidrachma
748 789 962 844 aequauit:
1026 787 1184 832 Oleum
1222 790 1375 830 iterum
1415 787 1604 829 ablutum
1641 785 1733 828 fuit.

806 919 1291 999 Experimentum
1338 936 1394 994 7.

567 1036 603 1084 ξ.
645 1041 683 1078 8.
722 1031 881 1076 Oleum
921 1035 1068 1073 tertiae
1104 1034 1414 1084 destinationis,
1452 1035 1592 1075 denuo
1628 1047 1651 1074 e
1686 1034 1855 1074 Retorta

378 1113 490 1143 noua
524 1098 798 1153 destillabam.
882 1096 1073 1138 Transiit
1111 1097 1245 1138 statim
1284 1095 1441 1138 Oleum
1490 1097 1674 1148 flauum,
1716 1096 1858 1149 limpi-

379 1166 507 1214 dum,
561 1175 715 1211 tenue,
770 1163 870 1202 boni
908 1162 1081 1213 odoris,
1118 1163 1352 1214 quantitate
1390 1162 1524 1214 3iiss.
1561 1161 1655 1201 dein
1697 1162 1857 1201 rubro·

378 1229 564 1274 flauum,
602 1226 734 1278 magis
769 1224 1168 1277 empireumaticum
1206 1225 1253 1262 ad
1283 1221 1414 1276 ΞΗ),
1450 1224 1568 1264 simul
1607 1236 1704 1265 cum
1743 1236 1857 1267 vtro-

377 1304 461 1348 que
496 1289 752 1344 Phlegmatis
788 1289 865 1338 3ss·
933 1284 1085 1326 Adfuit
1120 1286 1274 1326 iterum
1312 1285 1517 1326 refiduum
1556 1287 1856 1329 carbonaeeum

378 1358 568 1412 pondere
605 1351 990 1408 sesquidrachmae‚
1028 1350 1142 1403 quod
1188 1362 1284 1392 cum
1331 1349 1473 1404 priore
1509 1346 1647 1390 effecit
1699 1352 1859 1408 pondus

380 1421 528 1464 unciae
562 1432 660 1460 cum
712 1417 844 1458 tribus
898 1414 1125 1457 drachmis.
1211 1413 1465 1469 phlegmatis
1504 1425 1685 1467 quatuor
1739 1415 1861 1457 fimul

380 1484 709 1528 destillationum
748 1482 946 1536 prodiere
984 1480 1032 1520 ad
1069 1473 1166 1533 fiij.
1203 1475 1313 1532 3jss.
1384 1479 1593 1520 Amisl'um
1632 1479 1759 1534 igitur
1794 1480 1857 1521 his

379 1548 636 1607 proceffibus
671 1547 752 1588 fuit
786 1546 951 1604 pondus
986 1545 1161 1592 3viiss.

575 1682 604 1729 ξ.
646 1694 689 1731 9.
761 1674 869 1718 Olea
905 1673 1194 1732 praecedentis
1229 1673 1534 1728 experimenti,
1588 1673 1658 1715 sibi
1697 1674 1860 1724 relicta,

384 1745 659 1788 intensiorem
698 1743 846 1783 sensim
884 1739 1191 1795 acquifiuerunt
1228 1739 1442 1789 colorem,
1481 1740 1734 1794 tandemque
1771 1750 1861 1780 tur·

384 1811 482 1852 bida
519 1811 611 1850 sunt
666 1808 782 1848 facta.
869 1806 1085 1847 vlteriora
1123 1804 1162 1843 in
1202 1804 1282 1845 hoc
1336 1805 1432 1847 olco
1485 1815 1718 1846 tentamina
1774 1816 1858 1844 non

385 1875 571 1922 institui,
608 1886 704 1914 cum
744 1869 924 1929 pei-feste
959 1870 1056 1911 effet
1094 1867 1222 1910 simile
1260 1870 1315 1910 illi
1353 1872 1464 1924 quod
1501 1884 1522 1911 e
1560 1870 1656 1910 sebo
1703 1868 1861 1911 bouillo

387 1940 574 1980 obtinuit
609 1949 649 1978 ct
684 1948 879 1978 accurate
932 1934 1196 1977 examinauit
1234 1932 1322 1976 Cel.
1361 1934 1476 1978 Crell
1508 1931 1677 1993 (Chcm.
1717 1934 1860 1977 lourn.

386 2003 420 2046 1.
456 2018 497 2060 p.
538 2002 625 2058 75).

832 2109 1313 2192 Experimcntum
1361 2109 1413 2169 8.

581 2231 616 2279 5.
660 2238 730 2268 10.
798 2227 839 2269 A
875 2229 1118 2282 Phlcgmatc
1152 2239 1330 2282 quatuor
1365 2227 1689 2269 destillationum
1728 2224 1861 2280 (Exp.

390 2290 472 2336 IV.
509 2294 558 2333 ad
595 2289 735 2346 vij).
783 2293 930 2333 itidem
970 2294 1018 2334 ab
1055 2306 1182 2346 aqua,
1235 2307 1317 2345 qua
1353 2291 1509 2334 Oleum
1565 2293 1716 2333 iterato
1750 2288 1862 2330 ablu-

1770 2361 1859 2392 tum
