2020 2748
887 191 1002 244 »3233
1066 186 1264 248 )2¹6(
1326 187 1444 243 5:0³·-

421 300 569 345 lineari
603 301 761 344 curaui.
816 302 885 345 Ex
912 301 1064 344 horum
1093 303 1425 346 consideratione
1442 301 1615 347 concita
1633 304 1741 361 sunt,
1773 319 1882 363 quae

423 365 493 409 bic
528 367 756 410 traditurus
793 367 906 420 sum;
950 368 1137 422 pleniora
1174 368 1302 422 spero,
1337 380 1464 422 quam
1499 367 1607 410 vllus
1642 379 1758 412 antea
1795 386 1882 414 me-

421 429 584 472 moriae
618 431 832 484 prodidit,
887 431 1106 485 lucemque
1149 431 1376 474 Animanti
1408 431 1707 476 remotiffimae
1739 433 1880 479 Indiae

421 492 585 539 addicto
619 493 763 538 saltem
798 496 974 552 aliquam
1011 496 1206 539 adlatura.

1012 677 1289 747 Descriptio

702 789 1223 876 Galeopitheci
1276 794 1601 853 volantis,

963 938 1086 990 Tab.
1121 939 1155 988 1.
1191 949 1244 989 et
1273 937 1329 990 11.

605 1047 731 1092 Moles
773 1051 1013 1095 adultorum
1052 1056 1229 1096 minoris
1267 1053 1390 1104 felis,
1444 1054 1538 1096 sunt
1569 1062 1708 1097 autem
1744 1052 1881 1095 forma

417 1107 631 1166 longiores
666 1127 708 1156 et
742 1118 997 1168 graciliores.

601 1235 734 1293 Caput
771 1238 1004 1293 oblongum
1026 1269 1037 1288 ‚
1073 1241 1346 1282 macilentum
1370 1273 1382 1292 ,
1416 1244 1593 1284 minime
1626 1244 1846 1286 buccarum
1866 1274 1878 1294 ‚

409 1301 629 1356 rostroque
665 1305 741 1344 vix
778 1304 1036 1354 adtenuata,
1085 1303 1266 1352 obtuso,
1320 1306 1561 1346 rotundato.
1611 1306 1736 1358 (rab.
1773 1307 1880 1349 rm.

400 1364 480 1418 fig.
522 1379 558 1405 1.
595 1364 660 1418 b.)
726 1364 861 1409 Nares
897 1368 1077 1416 lunatae,
1114 1369 1386 1415 transuersae,
1422 1368 1754 1421 approximatae.
1800 1367 1884 1411 La·

411 1424 483 1470 bia
519 1432 674 1481 tenuia,
711 1430 893 1485 superius
931 1433 1157 1486 integrum,
1197 1432 1386 1473 obsoleta
1407 1431 1500 1471 stria
1519 1433 1631 1473 inter
1651 1444 1766 1474 nares
1783 1444 1884 1474 exa·

409 1503 563 1534 ratum.
634 1492 776 1536 amus
824 1497 1064 1538 mediocris.
1133 1496 1212 1537 Pili
1259 1496 1388 1537 teneri
1445 1508 1517 1549 per
1553 1495 1657 1537 labia
1689 1506 1731 1538 et
1767 1509 1885 1538 men·

411 1565 501 1599 turn
538 1558 782 1614 sparfiffimi‚
828 1561 904 1601 vix
941 1562 1131 1614 mystacis
1167 1574 1205 1601 n«
1229 1563 1340 1602 mine
1374 1561 1488 1614 digni
1525 1559 1651 1617 (Tab.
1689 1558 1828 1616 VII.)-

599 1687 662 1728 Os
702 1687 812 1729 intus
850 1688 1090 1741 spatiosum.
1159 1689 1343 1732 Palmum
1377 1688 1705 1745 planiusculum‚
1741 1688 1882 1738 lawe,

415 1748 558 1790 medio
596 1750 892 1803 longitndinali
932 1753 1023 1792 stria
1057 1751 1297 1800 eleuatum,
1334 1768 1373 1796 ct
1412 1753 1647 1796 transuersis
1684 1753 1880 1807 vtrinque

412 1814 688 1865 meliusculis,
727 1817 893 1856 circiter
927 1817 1087 1857 octonis
1121 1816 1388 1861 scamuatum.
1455 1818 1607 1860 Carina
1625 1819 1712 1858 oris
1732 1831 1882 1869 aequa·

411 1877 507 1917 liter
545 1889 743 1919 concaua.
811 1901 852 1909 —
885 1879 1044 1935 Lingua
1081 1882 1119 1921 in
1159 1881 1525 1926 saucibnstantnm
1548 1883 1708 1931 adnata,
1746 1882 1878 1922 maxi-

413 1952 528 1982 mam
568 1953 726 1996 partem
767 1943 920 1992 libera,
954 1947 1147 1994 carnosa,
1184 1948 1286 1996 lata,
1318 1950 1515 2005 dopressa,
1551 1948 1787 1994 rotundatu,
1821 1956 1879 1987 te-

414 2007 554 2046 nuiter
592 2008 809 2060 papillosa,
849 2021 1045 2050 extremo
1083 2013 1266 2066 margine
1304 2024 1551 2062 extenuate,
1583 2010 1745 2067 papillis
1765 2011 1881 2050 cilia-

412 2079 459 2109 to
510 2070 587 2122 (vt
627 2073 665 2111 in
705 2071 1011 2127 Didclphidnm
1059 2077 1259 2130 gencrel.
1342 2078 1515 2134 Funguli
1565 2077 1650 2118 duo
1702 2073 1878 2116 obsoleti

410 2135 555 2175 versus
594 2135 727 2183 bafia,
765 2148 808 2178 et
844 2139 1151 2195 ssrianlupetius
1189 2143 1326 2185 versus
1361 2146 1529 2199 apicem
1565 2138 1878 2196 longitudinalis

400 2196 536 2252 (7011.
576 2198 681 2244 rm.
707 2200 783 2254 fig.
825 2200 913 2258 8.).

1770 2267 1876 2309 Den-
