2020 2748
865 215 981 267 »2³13
1046 209 1246 271 )272(
1307 210 1424 266 &⁶93⁴-

403 329 644 385 computari
680 326 800 370 debet
835 328 955 371 valor
988 328 1152 371 numeri
1189 340 1239 376 n,
1284 324 1356 379 qui
1392 322 1575 373 indicat,
1611 328 1717 377 quot
1752 333 1880 367 reuo-

402 390 583 436 lutiones
621 394 711 435 talis
749 395 866 437 Luna
902 394 1127 435 interuallo
1163 392 1286 433 vnius
1334 391 1433 432 anni
1482 390 1594 430 circa
1629 397 1783 429 terram
1818 389 1879 431 es-

1692 451 1719 469 m

405 460 460 502 set
495 459 730 515 peraetnra.
798 457 910 501 Cum
948 460 1078 514 igitur
1114 456 1401 499 inuenerimus
1440 468 1466 496 n
1484 466 1508 496 n
1530 460 1571 502 -i-
1588 459 1600 502 2
1619 466 1676 494 z
1692 479 1749 513 :n
1785 454 1867 495 erit

594 559 619 587 ⁷¹
639 558 663 587 Π
681 554 745 595 -i—
763 550 777 595 ὲ
796 562 851 588 Ξ
873 560 913 598 3.
937 551 1044 599 :240x
1078 547 1256 601 ideoque
1290 558 1312 586 n
1329 557 1383 585 :z
1404 539 1496 596 Vg.
1518 544 1627 593 240¹

402 653 458 684 ex
494 651 580 695 quo
615 640 824 694 reperitur
858 654 936 682 n:
957 644 1096 691 6439·
1152 636 1305 680 Toties
1342 637 1493 680 scilicet
1527 636 1616 679 talis
1645 635 1764 679 Luna
1797 646 1885 679 vno

403 719 518 748 anno
554 704 871 755 reuolueretur,
924 706 996 760 qni
1034 715 1233 744 numerus
1268 717 1345 758 per
1383 706 1470 752 365
1509 703 1662 743 diuisus
1697 701 1886 742 ostendet

406 771 574 827 quoties
610 769 702 811 talis
722 769 842 811 Luna
879 780 1076 824 tempore
1101 779 1162 817 24
1187 767 1390 809 horarum
1428 768 1773 813 circumferetur,
1809 766 1886 807 sci·

402 837 502 879 licet
544 845 600 883 17
622 840 660 887 {a
696 835 809 889 quod
847 835 942 875 satis
977 833 1144 887 egregie
1187 831 1387 873 conuenit
1423 844 1522 872 cum
1557 832 1723 874 calculo
1758 827 1889 885 Hage-

405 903 488 950 nii,
540 899 730 942 Euidens
781 899 923 943 autem
959 899 1015 942 cst
1052 896 1216 938 valores
1251 912 1278 939 α
1312 906 1354 938 et
1387 899 1417 955 β
1451 896 1534 938 hoc
1570 896 1661 938 casu
1717 894 1886 951 prorsus

404 965 666 1009 euanescere.

592 1105 626 1154 §.
668 1112 743 1156 30.
825 1099 1085 1158 Quanquam
1123 1108 1260 1144 autem
1297 1099 1363 1143 his
1400 1101 1582 1153 cafibus,
1635 1099 1783 1155 quibus
1828 1100 1889 1144 di·

407 1167 560 1213 stantia
593 1180 742 1211 anon
793 1167 903 1206 vltra
939 1179 995 1215 25
1036 1166 1365 1206 semidiamettos
1418 1168 1627 1209 terrestres
1681 1166 1889 1220 exsurgit,

407 1235 496 1276 eius
531 1230 723 1272 distantia
760 1241 783 1268 a
819 1238 927 1268 terra
965 1229 1164 1280 exiguam
1205 1229 1486 1269 variationem
1526 1231 1708 1282 patitur,
1748 1232 1809 1271 ita
1841 1238 1891 1272 vt

409 1297 547 1340 orbita
598 1307 684 1338 non
734 1291 916 1347 perfee'te
951 1290 1001 1332 sit
1038 1288 1281 1340 circularis,
1334 1298 1477 1332 tamen
1519 1292 1591 1331 tali
1635 1291 1793 1334 orbitae
1842 1293 1890 1334 ab

405 1361 681 1406 Astronomis
717 1356 828 1400 nulla
847 1356 1147 1398 excentricitas
1183 1354 1316 1396 tribui
1352 1354 1480 1405 solet,
1518 1365 1743 1410 propterea
1777 1355 1895 1411 quod

408 1426 724 1482 inaequalitates
760 1437 783 1464 a
818 1422 908 1464 solo
957 1420 1114 1476 angulo
1147 1433 1173 1460 ν
1195 1419 1405 1476 pendent,
1456 1421 1555 1462 dum
1610 1419 1780 1462 effectus
1815 1433 1894 1462 ex-

410 1491 687 1536 centricitatis
722 1487 773 1530 ab
809 1486 1041 1530 Anomalia
1090 1485 1273 1541 pendet,
1321 1486 1439 1527 cuius
1484 1485 1553 1526 hic
1615 1485 1782 1529 nullum
1821 1498 1897 1526 ve-

409 1559 581 1613 stigium
635 1563 815 1610 apparet.
896 1549 1277 1607 Quemadmodum
1334 1552 1460 1592 ctiam
1515 1549 1729 1592 distantiae
1767 1563 1894 1592 verae

410 1624 556 1666 'Lunae
591 1636 613 1663 a
650 1631 782 1669 terra,
820 1617 929 1660 haud
966 1616 1166 1671 exiguam
1204 1614 1487 1661 variationem
1527 1625 1797 1670 paterentur,
1833 1625 1896 1658 et-

415 1687 552 1732 tiamfi
588 1686 675 1730 eius
713 1681 1010 1727 excentricitas
1045 1679 1326 1724 euanesceret.

610 1820 647 1870 §-
700 1826 775 1866 3¹·
858 1810 971 1857 Cum
1026 1813 1396 1857 determinationes
1453 1813 1650 1856 haetenus
1703 1813 1898 1856 inuentae

422 1896 626 1940 tanquam
676 1880 954 1924 exactissimae
992 1879 1162 1934 spet‘tari
1199 1889 1376 1933 queant,
1428 1880 1666 1922 dummodo
1707 1879 1899 1920 distantia

423 1952 569 1994 talium
608 1948 821 1991 Lunai-um
877 1958 961 1985 non
1016 1944 1257 1987 notabiliter
1297 1957 1348 1993 23
1390 1945 1719 1986 semidiametros
1767 1953 1897 1985 terre-

423 2017 526 2058 stres
564 2016 754 2068 superet,
798 2011 880 2052 hoc
919 2010 1096 2064 intelligi
1131 2019 1323 2065 oportet,
1375 2011 1546 2063 quando
1581 2010 1741 2050 orbitae
1778 2008 1899 2050 omni

425 2080 746 2122 excentricitate
798 2086 964 2126 carent,
1017 2076 1074 2116 ita
1111 2085 1158 2115 vt
1192 2086 1337 2114 omnes
1377 2075 1691 2129 inaequalitates
1731 2085 1819 2115 tam
1855 2073 1898 2114 in

426 2146 642 2194 distantia,
692 2155 818 2198 qnam
857 2152 998 2183 motus
1033 2140 1245 2182 celeritate
1281 2154 1302 2180 a
1339 2140 1423 2181 sola
1465 2140 1731 2195 elongatione
1769 2137 1901 2191 Solis,

427 2211 512 2252 fine
548 2207 702 2263 angulo
739 2223 765 2257 η
806 2207 1036 2261 pendeant,
1089 2205 1136 2246 ad
1173 2205 1408 2249 cuiusmodi
1448 2217 1615 2247 motum
1670 2205 1903 2260 producen-

429 2275 532 2317 dum
569 2272 833 2318 manifestum
870 2272 925 2315 cst
963 2269 1034 2314 tali
1068 2271 1212 2315 Lunae
1262 2270 1384 2315 initio
1419 2281 1583 2314 certum
1620 2279 1788 2313 motum
1824 2270 1905 2309 im-

1772 2345 1899 2388 prinu
