2020 2748
596 219 710 270 »3013
778 215 972 276 )233(
1035 217 1136 270 ἓίεέο

146 332 290 375 nitrofi
326 331 477 386 digesta
510 330 600 372 fuit.
667 329 871 384 phlegma
907 332 1068 373 acidum
1115 327 1376 384 percolatum
1411 338 1456 371 et
1491 342 1596 384 aqua

146 399 196 437 ad
249 396 573 447 edulcorandum
626 395 833 434 residuum
889 404 1070 436 terreum
1123 393 1335 444 adhibita,
1389 394 1594 434 solutione

145 458 249 501 Salis
286 459 426 500 tartari
462 456 757 498 saturabantur.
832 456 958 498 Circa
994 457 1251 499 fatui-ationis
1290 458 1487 513 punctum
1527 471 1597 510 ap-

143 523 283 576 paruit
318 523 485 562 demum
520 520 840 574 praecipitatum
876 521 1084 573 quoddam
1119 521 1326 570 albidum,
1361 520 1471 575 quafi
1507 533 1597 560 mu-

71 580 74 581 ⁷
129 585 442 638 'cilaginosum‚
476 583 587 635 quod
625 582 915 624 edulcoratum
953 594 994 624 et
1029 584 1221 625 siccatum
1251 597 1309 636 gr.
1328 584 1402 625 Xl.
1436 584 1596 637 pondus

143 648 346 701 aequabat
379 651 421 686 et
455 659 556 701 pura
589 647 666 687 fuit
701 655 811 688 terra
845 646 1041 688 calcarea.
1125 647 1194 687 Ex
1227 648 1385 688 refiduo
1418 648 1595 698 denique

136 711 360 767 particulae
389 710 522 752 adhuc
543 709 748 752 martiales
767 711 858 751 satis
893 711 1056 764 copiose
1091 714 1276 764 magneti
1313 711 1594 754 adhaeserunt.

561 861 1034 940 Experimentum
1080 881 1152 919 12.

325 981 359 1028 §-
403 993 470 1029 14.
517 976 599 1017 ·Vt
633 963 822 1030 ’praesens
857 976 967 1016 forte
1004 989 1095 1030 pars
1130 975 1316 1028 argillosa
1351 975 1474 1017 huius
1513 987 1596 1018 ter·

142 1041 206 1083 rei
241 1041 383 1082 refidui
418 1042 460 1079 in
494 1041 681 1092 apricum
717 1040 986 1088 educeretur,
1022 1052 1115 1081 cum
1152 1039 1349 1080 drachma
1380 1036 1478 1080 Olei
1514 1039 1594 1081 Vi-

139 1103 252 1145 trioli
287 1104 487 1156 digestum
521 1101 621 1156 fuit;
655 1112 744 1143 tum
781 1102 955 1143 effusum
982 1104 1144 1145 acidum
1174 1104 1216 1142 in
1244 1102 1503 1156 porcellaneo
1523 1117 1596 1145 va·

140 1167 181 1208 se
217 1179 362 1207 arenae
398 1167 594 1221 impofito
631 1169 747 1219 supra
783 1168 920 1219 ignem
967 1166 1214 1220 euaporaui‚
1269 1167 1451 1206 muctam
1492 1181 1592 1207 vero

137 1231 403 1271 insolubilem
457 1240 616 1282 partem
653 1241 758 1278 aqua
793 1228 1045 1266 edulcoraui.
1120 1228 1437 1280 Praecipitatum
1477 1230 1590 1270 ablu-

140 1301 228 1332 tum
267 1292 500 1342 argillosam
535 1290 732 1340 quidem,
783 1289 846 1328 seu
881 1288 1141 1331 aluminarem
1174 1299 1321 1331 terram
1366 1293 1589 1342 referebat,

140 1352 209 1393 sed
245 1351 422 1398 fuscam,
471 1351 569 1392 licet
621 1351 751 1391 nullas
804 1352 1023 1404 particulas
1071 1355 1322 1407 magneticas
1357 1356 1585 1409 pracbcret.

141 1414 310 1457 Pondus
339 1414 479 1456 ficeati
512 1414 590 1454 fuit
622 1427 849 1467 granorum
887 1416 1012 1456 trium
1048 1430 1146 1458 cum
1181 1418 1370 1462 dimidio.
1403 1410 1406 1414 ’

329 1555 483 1597 Relicta
517 1555 668 1597 vltimo
704 1565 811 1597 terra
859 1554 1155 1597 subtiliffimam
1207 1568 1368 1597 arenam
1411 1556 1588 1611 quartfh·

132 1618 220 1675 sam
255 1619 419 1661 referre-
446 1620 528 1660 visa
561 1620 638 1669 est,
671 1619 780 1661 ferro
814 1618 937 1674 plane
973 1620 1138 1662 carebat
1173 1629 1215 1660 et
1247 1621 1410 1674 pondus
1439 1621 1503 1668 3ss
1541 1631 1584 1661 et

139 1687 192 1727 iv
226 1696 452 1738 granorum
485 1683 685 1738 aequauit.

569 1825 1045 1905 Experimentum
1095 1846 1166 1899 13.

326 1954 356 2002 ξ.
399 1962 467 2001 15.
546 1951 657 1996 Haec
710 1957 852 1997 eadem
906 1955 1062 1997 residua
1114 1964 1222 1994 terra
1258 1966 1349 1995 cum
1385 1952 1583 1995 drachma

144 2025 188 2057 et
225 2016 302 2057 XL
347 2020 483 2069 granis
532 2013 616 2058 'salis
667 2022 811 2061 tartari
862 2020 1005 2059 intrita
1040 2028 1083 2058 et
1129 2017 1340 2059 crucibulo
1390 2020 1580 2059 candenti

143 2080 297 2127 infusa,
333 2080 465 2121 statim
503 2092 597 2121 cum
632 2083 943 2129 intumescentia
979 2082 1117 2122 fluxit.
1182 2079 1325 2121 scoria
1360 2080 1582 2122 virrificata

143 2143 379 2195 refrigerata
413 2142 590 2184 humore
627 2148 729 2188 ae'ris
766 2147 989 2189 madescere
1029 2146 1110 2185 visa
1145 2145 1228 2195 est3
1264 2157 1358 2185 cum
1397 2146 1584 2187 crucibu-

142 2205 186 2245 lo
223 2219 348 2258 aquae
385 2207 558 2247 immissa
592 2209 631 2248 in
668 2211 881 2262 gelatinam
934 2212 1136 2251 cineream
1191 2210 1382 2250 dissoluta
1416 2208 1513 2258 suit,
1559 2222 1581 2249 e

145 2268 241 2311 Ama
258 2265 376 2310 Acuti.
397 2272 491 2324 Imp.
508 2269 575 2312 Sc.
594 2271 699 2315 Tom.
716 2273 778 2317 IV.
800 2278 843 2319 P.
862 2273 894 2315 Ι.
1150 2271 1190 2313 G
1208 2285 1233 2325 g
1340 2290 1343 2293 ·
1506 2286 1585 2326 qua
