2020 2748
840 205 954 257 »ἕο-ᾖς
1018 199 1218 262 )282(
1281 204 1396 256 &jv-03«

399 316 576 365 tellitcs,
628 316 713 358 alio
744 327 846 358 vcro
895 328 1094 372 tauquam
1147 319 1343 374 planetae
1398 317 1647 374 principales
1702 320 1873 375 spectari

394 382 634 431 debebunt,
685 383 920 424 cuiusmodi
960 396 1099 426 motus
1136 385 1495 438 quemadmodum
1546 384 1686 427 saltem
1736 387 1871 428 menti

393 459 502 487 vero
538 456 701 487 tantum
737 450 935 502 proxime
973 450 1272 504 repraesentari
1309 461 1460 504 queat,
1504 463 1770 504 nequaquam
1807 452 1877 493 ad-

394 511 479 553 huc
515 511 748 564 intelligere
784 513 895 554 licet.
967 514 1010 556 Si
1049 516 1162 556 enim
1202 516 1300 557 talia
1355 528 1537 570 corpora
1572 515 1614 555 iu
1652 516 1873 568 systemate

392 576 537 618 nostro
581 575 702 617 solari
753 591 1051 633 occurrerent,
1105 594 1252 622 eorum
1293 592 1433 623 motus
1471 580 1588 623 nobis
1622 580 1758 623 adhuc
1801 595 1876 636 pe·

393 642 506 684 nitus
541 641 652 684 foret
689 641 884 695 ignotus,
934 646 991 686 ita
1027 657 1071 687 vt
1107 648 1192 688 eius
1243 647 1332 687 loca
1384 649 1427 687 in
1482 645 1606 688 coelo
1658 658 1875 702 nunquam

390 708 475 752 fine
513 706 750 750 crassillimo
787 720 932 750 errore
967 712 1208 764 praedicere
1245 713 1502 754 valeremus.

578 840 613 890 ς,
648 851 691 889 4.
757 836 835 879 His
871 840 1045 881 summis
1080 838 1390 883 difficultatibus
1425 840 1662 896 perpensis,
1699 840 1876 894 quilibet

386 899 512 943 facile
565 904 784 958 agnoscet,
838 917 964 958 quam
1001 906 1071 946 diu
1110 907 1151 946 in
1192 906 1306 947 tanta
1341 906 1609 961 ignoratione
1645 907 1756 947 circa
1796 905 1878 947 hu-

389 967 576 1008 iusmodi
610 979 754 1009 motus
791 970 1069 1021 versabimur,
1106 983 1181 1011 nos
1223 971 1340 1011 nullo
1375 972 1508 1013 modo
1545 971 1709 1025 sperare
1747 971 1876 1025 posse,

387 1040 437 1072 vt
473 1043 659 1085 vnquam
694 1033 744 1073 ad
782 1046 1017 1074 accuratam
1074 1036 1364 1088 cognitionem
1420 1037 1617 1076 omnium
1655 1035 1872 1089 perturba-

390 1096 583 1147 tionum,
636 1098 785 1151 quibus
823 1098 891 1139 vel
929 1099 1120 1153 planctae
1171 1100 1388 1153 primarii,
1442 1099 1509 1141 vel
1555 1099 1751 1140 satellites
1807 1111 1874 1139 re-

387 1172 492 1202 vera
544 1174 815 1215 premuntur,
868 1167 1106 1216 pertingere
1160 1165 1387 1205 valcamus.
1481 1163 1700 1218 Quamdiu
1755 1163 1870 1205 enim

387 1225 510 1265 nobis
546 1225 796 1278 impollibile
852 1226 1063 1274 manebit,
1117 1236 1281 1266 motum
1320 1227 1424 1265 alius
1462 1229 1630 1277 Lunae,
1673 1241 1779 1280 quae
1815 1228 1869 1270 ad

387 1290 623 1332 distantiam
654 1291 722 1331 vel
756 1290 902 1344 duplo,
931 1289 999 1330 vel
1037 1289 1182 1343 trip10,
1215 1287 1283 1329 vcl
1319 1288 1424 1329 adeo
1461 1289 1699 1342 quadruplo
1737 1292 1873 1331 maio·

385 1369 475 1398 tem
514 1357 627 1397 circa
666 1366 818 1397 terram
874 1355 1190 1404 reuolucrctur,
1243 1352 1518 1406 perscrutari,
1572 1352 1690 1394 nullo
1739 1354 1872 1398 modo

387 1422 617 1477 perfectam
653 1422 949 1476 cognitionem
985 1421 1180 1461 omnium
1234 1419 1587 1472 inaequalitatum
1624 1431 1749 1460 verae
1785 1419 1872 1461 Lu-

386 1500 464 1528 nae
500 1488 652 1542 assequi
707 1488 955 1543 poterimus.
1046 1484 1186 1528 Simili
1225 1486 1356 1524 modo
1390 1485 1624 1538 quoniam,
1679 1483 1706 1524 fi
1759 1485 1872 1528 inter

385 1552 543 1594 orbitas
599 1552 712 1594 Iouis
749 1563 791 1594 ct
837 1551 1005 1594 Saturni
1040 1551 1236 1593 existeret
1274 1548 1438 1603 planeta
1474 1549 1726 1604 primarius,
1777 1550 1868 1593 eius

386 1630 532 1659 motus
570 1618 687 1660 nobis
724 1619 843 1674 plane
880 1619 1044 1658 futurus
1078 1616 1176 1657 esset
1211 1614 1611 1669 imperscrutabilis,
1647 1614 1745 1656 hinc
1785 1629 1871 1659 ma-

386 1684 536 1723 nifesto
573 1684 779 1736 sequitur,
814 1684 940 1723 etiam
980 1682 1135 1722 nullam
1173 1681 1403 1735 perscstam
1444 1680 1735 1734 cognitionem
1774 1694 1873 1723 om-

387 1749 505 1788 nium
545 1747 937 1800 perturbationum,
975 1758 1083 1802 quae
1120 1747 1164 1787 in
1203 1757 1320 1788 motu
1361 1746 1534 1790 Saturni
1569 1745 1873 1802 obseruautur,

384 1812 615 1868 exspectari
649 1813 778 1868 poss‘e.

573 1945 607 1994 §.
651 1954 688 1992 ς,
754 1940 872 1982 Haec
909 1951 1050 1982 autem
1090 1950 1205 1982 tanta
1241 1940 1544 1996 impedimenta
1580 1938 1697 1980 nullo
1734 1941 1865 1982 modo

383 2007 568 2061 superari
622 2018 851 2063 poterunt,
908 2006 980 2047 nisi
1019 2007 1206 2048 maxima
1260 2009 1518 2048 incrementa
1567 2004 1866 2048 inscientiam

382 2073 567 2115 nostram
606 2074 858 2125 analyticam
896 2073 1140 2114 inferantur.
1211 2068 1322 2113 Cum
1359 2072 1474 2113 enim
1512 2082 1657 2112 omues
1694 2081 1860 2122 motus,

382 2139 623 2193 quantumis
661 2139 817 2180 suerint
850 2137 1099 2192 perturbati,
1156 2151 1264 2178 nuuc
1301 2138 1473 2192 quidem
1510 2136 1594 2177 sinc
1633 2134 1715 2177 vlla
1750 2135 1864 2178 diffi-

382 2204 536 2245 cultate
575 2204 892 2258 aequationibus
924 2203 1140 2254 analyticis
1176 2201 1483 2257 comprehendi
1516 2213 1687 2255 queant,
1724 2211 1860 2244 totum

382 2270 603 2324 negotium
640 2271 690 2312 ad
742 2269 941 2313 idoneam
997 2267 1147 2311 harum
1204 2270 1507 2324 aequationum
1552 2266 1859 2309 resolutionem

1739 2342 1862 2374 reuo-
