2020 2748
629 234 745 285 »ἓέ
807 229 1004 292 )205(
1065 235 1184 288 &team

174 349 290 392 Ctore
315 357 356 391 et
385 348 603 392 abdomine
638 357 774 388 autem
813 347 855 388 in
892 361 939 390 os
969 348 1126 390 sacrum
1154 351 1244 391 eius
1272 349 1491 393 immersus
1521 350 1635 403 esset,

175 424 217 456 et
250 414 343 457 solis
381 415 453 456 alis
489 411 742 469 pedibusque
781 411 937 454 sursum
975 412 1141 454 directis
1178 425 1424 470 emergeret.

361 542 474 585 Haec
508 542 594 585 fere
628 551 802 585 externa
837 541 960 584 huius
996 543 1098 598 pulli
1136 543 1352 587 monstrosi
1393 543 1637 586 conforma-

177 609 239 649 tio
275 607 352 657 est,
405 608 455 649 de
490 620 571 662 qua
618 618 752 650 tamen
789 607 943 659 aliquid
981 609 1216 651 addendum
1255 611 1361 661 erit,
1414 609 1632 663 postquam

175 673 428 714 internarum
477 671 658 726 partium
711 673 999 712 conditionem
1055 674 1301 729 exposuero.
1386 671 1449 714 Vt
1492 684 1633 713 autern

173 747 311 790 partes
346 737 588 778 accefloriae
625 735 715 776 offis
767 735 865 776 sacri
917 736 1125 788 imprimis
1179 739 1311 779 sedem
1357 746 1400 778 et
1435 737 1632 790 vropygii

175 811 218 841 et
254 800 322 840 ani
358 810 399 840 et
441 800 562 853 pubis
613 811 817 852 occupare
854 799 1072 852 videntur3
1123 801 1181 842 ita
1234 801 1412 842 omnino
1462 813 1631 855 quoque

172 862 382 903 orificium
419 864 488 904 ani
523 873 644 904 extus
693 862 837 903 frustra
891 864 1083 916 quaesiui.
1151 864 1255 905 Alae
1290 866 1532 907 accefforiae
1568 878 1632 907 ra·

172 926 331 968 dicibus
367 927 445 968 suis
481 929 523 967 in
560 928 649 966 sede
666 928 863 978 vropygii
899 927 1008 966 inter
1042 927 1079 966 se
1114 926 1358 977 confluunt,
1393 927 1632 978 regionem·

171 1004 251 1042 que
288 991 344 1030 ibi
393 988 758 1041 inter-scapularem
814 987 914 1039 pulli
952 989 1077 1040 ipurii
1129 988 1317 1029 efficiunt
1352 988 1487 1045 (Tab.
1525 988 1632 1046 V1.)

168 1053 239 1094 sub
274 1053 336 1092 his
370 1052 443 1093 alis
494 1052 622 1105 igitur
673 1049 880 1092 orificium
937 1054 1003 1093 ani
1050 1052 1337 1105 quaerendum
1373 1052 1448 1093 effe
1492 1054 1631 1095 “cense-

168 1116 279 1157 bam.
345 1115 497 1170 Incipit
539 1125 678 1156 autem
733 1115 934 1156 continuo
969 1129 991 1156 a
1027 1117 1213 1171 margine
1245 1116 1400 1159 alarum
1436 1116 1630 1161 deorsum

168 1191 311 1222 tumor
347 1180 605 1229 abdominis,
642 1178 832 1219 vitellum
870 1180 1111 1229 continens,
1147 1181 1276 1220 flauus
1311 1191 1354 1221 et
1395 1181 1630 1236 deplumis‚

166 1245 249 1285 fine
284 1243 372 1284 vllo
404 1244 554 1285 orificii
591 1243 779 1291 vestigio.
861 1239 1013 1292 Neque
1048 1243 1098 1281 de
1134 1243 1200 1282 ani
1247 1243 1409 1285 defec'tu
1460 1244 1630 1287 dubita-

166 1308 262 1346 bam
298 1317 394 1344 cum
432 1313 475 1343 et
509 1301 697 1342 Hallerus
732 1303 774 1341 in
811 1303 999 1345 caniculo
1053 1306 1310 1355 monstroso,
1362 1307 1428 1349 cui
1480 1311 1627 1352 tertius

166 1380 239 1424 pes
275 1366 477 1419 posterior
526 1365 624 1406 loco
669 1366 817 1406 caudae
851 1377 939 1407 erat
976 1380 1197 1422 excretus,
1251 1372 1431 1413 eundem
1483 1373 1628 1415 defec-

170 1442 260 1474 tum
297 1430 536 1477 inuenisset,
588 1437 631 1468 et
668 1428 771 1468 mihi
824 1429 998 1473 similem
1049 1432 1271 1475 obseruare
1306 1436 1543 1489 contigisset
1577 1438 1623 1479 in

167 1494 354 1538 monstro
388 1494 575 1534 humano
610 1492 780 1544 tripede.
847 1491 925 1535 Sed
961 1494 1064 1536 haec
1102 1510 1164 1538 res
1202 1510 1268 1538 me
1302 1499 1450 1540 fefellit
1483 1511 1524 1542 et
1557 1503 1622 1543 in-

170 1558 315 1600 testina
350 1559 514 1600 exitum
548 1555 915 1612 monstrauerunt,
950 1559 1020 1601 vbi
1057 1572 1150 1603 eum
1188 1560 1296 1604 haud
1326 1562 1622 1618 quaefiueram.

353 1685 488 1731 Inciso
536 1697 696 1732 tumore
732 1690 989 1740 abdominis,
1040 1699 1125 1744 Quo
1158 1690 1327 1734 vitellus
1364 1695 1626 1748 continetur,

170 1752 255 1794 vidi
289 1752 401 1794 illius
437 1755 618 1795 tunicam
658 1765 827 1798 tenuem
865 1768 905 1799 et
940 1755 1214 1809 pellucidam,
1263 1769 1339 1812 per
1384 1773 1511 1812 quam
1550 1759 1626 1802 fla-

168 1830 241 1857 vus
293 1815 454 1858 >vitellus
507 1821 757 1874 transparet,
825 1821 1184 1863 continuationem
1239 1823 1316 1863 effe
1370 1823 1619 1867 abdominis.

164 1880 256 1922 Hac
296 1883 434 1922 tunica
487 1894 671 1932 remota,
722 1886 886 1927 vitellus
922 1885 1054 1926 eximi
1090 1895 1259 1939 poterat
1295 1896 1338 1927 et
1383 1887 1556 1937 separari
1595 1904 1622 1931 a

164 1944 301 1985 canale
339 1944 623 1989 intestinorum
678 1952 894 2000 tenuium,
948 1949 1011 1991 cui
1047 1950 1217 2004 angusto
1258 1950 1370 1991 collo
1414 1951 1622 1996 adhaeret.

162 2007 279 2050 Tum
315 2009 472 2049 viscera
507 2011 734 2055 abdominis
767 2022 1060 2069 apparuerunt.
1140 2014 1323 2067 Magnus
1369 2015 1482 2055 mole
1519 2028 1620 2057 ven-

162 2072 360 2123 triculus,
396 2084 442 2113 vt
479 2073 577 2116 solet
609 2078 650 2117 in
686 2077 832 2132 pullis,
884 2077 1061 2131 fimplex
1095 2078 1313 2132 prim0‚1n
1352 2078 1617 2134 conspectum

158 2138 274 2195 yenit
310 2150 404 2178 cum
452 2138 625 2194 hepate;
672 2143 819 2185 deinde
867 2151 982 2184 retro
1031 2141 1150 2184 illum
1198 2155 1373 2197 paruum
1412 2146 1620 2186 volumen

160 2200 518 2253 intestinulorum3
565 2213 650 2257 quo
684 2207 853 2248 euoluto
887 2207 1094 2261 cognovi,
1148 2217 1314 2262 praeter
1349 2208 1507 2261 aliquas
1544 2223 1622 2264 ap-

161 2264 380 2319 pendices,
431 2267 615 2311 canalem
669 2271 856 2314 fimiliter
904 2270 1138 2326 {implicem
1189 2271 1280 2314 effe.
1355 2272 1614 2315 Duodenum

844 2334 882 2379 C
904 2349 926 2379 c
962 2348 988 2389 3
1499 2337 1615 2380 enim
