2020 2748
827 219 943 270 ...ga-,g
1005 213 1021 273 )
1059 215 1202 274 374(
1263 216 1378 267 353<-

555 335 624 377 Ex
676 333 805 376 allatis
859 330 1069 384 exemplis
1119 330 1210 371 satis
1266 329 1425 382 liquet,
1479 341 1667 371 errorem
1721 328 1836 385 Qua·

365 400 523 442 drantis
586 411 718 453 prope
769 396 924 438 Zenith
978 406 1125 450 parum
1180 393 1349 434 differre
1386 393 1434 434 ab
1471 406 1614 434 errore
1649 397 1836 437 eiusdem

369 467 418 506 ad
456 465 750 506 horizontem:
787 462 1058 513 discrepantia
1097 471 1326 512 paucorum
1367 459 1644 501 secundorum
1681 460 1836 512 partim

367 526 730 570 obseruationibus
786 526 939 579 partim
994 523 1142 564 tabulis
1204 533 1245 562 et
1297 523 1607 564 reductionibus
1660 522 1840 564 adscribi

367 593 516 650 potest.
566 591 675 632 Hinc
706 591 844 630 sumto
873 600 928 629 ex
956 600 1135 640 vtroque
1167 587 1306 627 medio
1343 589 1485 641 prodit
1520 587 1588 628 ille
1624 588 1718 637 —5¹
1741 585 1842 640 50‘13

364 671 490 714 quem
527 671 552 698 a
587 668 691 697 vero
729 667 750 704 5
790 652 975 695 secundis
1011 653 1085 693 vix
1119 652 1314 692 abludere
1353 652 1706 694 verisimillimum
1740 652 1809 694 est.

463 776 827 833 Determinatio
862 774 1130 826 latitudinis
1165 789 1225 823 ex
1258 774 1591 827 altitudinibus
1622 774 1747 828 Solis

797 855 847 891 et
882 840 1087 890 fixarum
1120 838 1407 889 meridianis.

555 975 809 1018 pontionem
849 973 1072 1017 meridiani
1123 971 1460 1013 determinabam
1496 984 1578 1026 ope
1613 972 1760 1014 circuli
1797 989 1842 1016 a·

366 1039 634 1088 zimuthalis‚
687 1042 782 1094 pedi
836 1037 1094 1094 Quadrantis
1147 1037 1328 1089 adnexi,
1387 1037 1503 1077 cuius
1549 1037 1750 1078 diameter
1785 1040 1842 1080 est

374 1111 453 1155 122*
493 1104 710 1158 pollicum.
780 1102 1003 1157 Capicndo
1038 1100 1278 1140 altitudines
1314 1099 1422 1139 Solis
1468 1102 1840 1153 correspondentes

367 1171 408 1210 in
447 1169 534 1220 ipso
571 1170 659 1207 tubi
696 1180 867 1213 centro,
904 1164 1099 1205 notabam
1137 1165 1288 1213 gradus
1324 1174 1365 1202 et
1400 1164 1562 1202 minuta
1602 1165 1644 1203 in
1681 1166 1840 1207 circulo

367 1241 634 1279 memorato;
671 1242 793 1283 atque
827 1240 881 1268 ex
917 1224 1277 1266 obseruationibus
1317 1225 1534 1262 matutinis
1571 1235 1613 1263 et
1657 1231 1840 1276 pomeri-

367 1298 498 1338 dianis
538 1295 748 1334 sumebam
789 1292 1001 1338 medium,
1039 1289 1106 1328 cui
1143 1287 1197 1327 ob
1232 1285 1510 1327 variationem
1546 1286 1842 1334 declinationis

367 1360 475 1404 Solis
513 1359 619 1400 hanc
655 1358 835 1413 applicui
872 1352 1200 1397 correctionem.

434 1471 746 1515 Denotantibus
784 1470 813 1511 P
850 1465 1088 1510 eleuatione
1125 1462 1216 1504 Poli

783 1533 824 1575 D
860 1531 1140 1574 declinatione
1176 1527 1285 1568 Solis
1323 1525 1479 1567 boreali

785 1611 822 1640 m
857 1596 1118 1638 corree‘tionc
1154 1592 1345 1633 meridiei
1382 1592 1423 1631 in
1463 1590 1676 1641 secundis,

367 1676 578 1720 correctio
631 1674 817 1729 quaesita
853 1663 1104 1740 :fljsz-{lss
1132 1683 1183 1709 z:
1216 1682 1266 1718 15
1291 1682 1326 1709 m
1351 1669 1431 1709 cos.
1452 1667 1491 1709 D
1511 1670 1639 1711 cosec.
1661 1667 1708 1724 (P
1725 1691 1764 1698 —
1785 1666 1842 1724 D)

368 1774 476 1814 quae
512 1762 551 1800 in
590 1760 750 1801 minuta
788 1755 922 1808 prima
958 1760 1218 1793 commutata
1255 1750 1404 1790 codem
1457 1751 1586 1792 modo
1620 1763 1666 1792 ac
1701 1763 1846 1791 corre-

369 1826 454 1867 &io
509 1824 696 1864 meridiei
752 1819 1012 1873 applicatur,
1066 1818 1106 1856 in
1147 1814 1267 1869 signis
1306 1828 1458 1869 nempe
1501 1815 1841 1858 descendentibus

369 1890 558 1934 additur,
613 1889 652 1927 in
699 1883 1012 1925 ascendentibus
1065 1879 1327 1921 subtrahitur.
1409 1879 1549 1922 Posito
1586 1881 1668 1921 hoc
1712 1881 1843 1920 modo

370 1953 620 2008 Quadrantc
659 1953 698 1990 in
740 1949 1046 1993 meridianum,
1083 1943 1319 1985 differentia
1348 1944 1457 1984 inter
1492 1944 1709 1999 appulsum
1743 1955 1840 1984 cen·

370 2021 422 2058 tii
463 2018 556 2058 solis
594 2024 641 2057 ad
680 2014 798 2055 filum
838 2010 1098 2052 micromctri
1136 2009 1362 2055 verticale,
1414 2019 1455 2049 et
1509 2010 1729 2050 meridiem
1767 2020 1842 2048 ve·

369 2095 462 2123 rum
505 2096 574 2134 per
624 2079 863 2121 altitudines
911 2073 1283 2128 correspondentes
1321 2086 1555 2126 repertum,
1593 2087 1688 2117 raro
1725 2073 1774 2114 ad
1812 2074 1840 2112 6

370 2147 440 2188 vel
480 2155 502 2192 8
541 2145 728 2201 scrupula
762 2142 965 2197 temporis
1002 2138 1178 2181 secunda
1213 2137 1449 2193 assurgebat.

1715 2306 1843 2355 Circa
