2020 2748
888 234 1004 309 »843
1071 233 1235 295 )24(
1299 236 1415 291 &3⁹3⁴-

419 347 643 405 perdustae
678 348 756 391 fint
793 348 842 390 ad
877 346 950 390 has
987 350 1215 406 fimplices:

671 416 718 450 dp
743 450 782 455 -
814 433 856 464 et
956 419 995 448 4⁴7
1078 438 1084 446 .

605 463 783 494 v<¹÷pP)
891 456 1089 495 vi'1-11ql’

417 520 593 559 quarum
631 521 811 564 vtraque
846 510 964 552 facile
1000 510 1049 551 ab
1084 509 1400 552 irrationalitate
1438 509 1661 561 liberatur,
1690 509 1789 553 istae.
1823 512 1885 568 ip-

419 571 482 614 sae
520 574 727 617 formulae
763 575 999 630 propositae
1034 589 1114 630 ope
1151 576 1324 618 idoneae
1366 575 1665 617 substitutionis
1701 574 1750 616 ab
1787 576 1889 618 irra-

418 639 654 681 tionalitate
693 640 860 681 libcrari
898 643 1087 694 possunt;
1141 641 1251 681 vnde
1290 642 1443 682 mirum
1483 653 1567 681 non
1613 640 1689 689 est.
1741 653 1886 682 earum

415 702 629 756 integralia
665 705 745 748 siue
782 717 854 759 per
887 705 1192 757 logarithmum
1230 704 1312 746 fine
1347 717 1422 760 per
1456 718 1597 746 arcum
1635 705 1886 748 circularem

415 768 603 810 exhiberi
641 769 837 821 potuisse.
903 766 1016 808 Satis
1053 765 1168 808 enim
1205 770 1290 808 iam
1327 769 1385 808 est
1421 769 1653 809 ostensum:
1689 781 1885 811 omnium

414 830 696 872 formularum
734 829 1079 873 differentialium
1134 831 1401 872 rationalium
1454 831 1670 885 integr-alia
1722 835 1886 887 (emper

413 895 485 936 vel
520 908 598 949 per
634 895 910 949 logarithmos
946 907 984 935 et
1020 908 1137 936 arcus
1175 894 1424 944 circulares,
1460 896 1528 936 vel
1562 895 1668 937 adeo
1689 895 1889 949 algebrai-

413 971 460 1001 ce
497 958 688 999 exhiberi
735 958 874 1011 poss‘e3
921 958 1032 1012 quod
1069 959 1195 1012 igitur
1230 959 1360 1000 etiam
1397 959 1448 1000 de
1485 960 1565 1000 illis
1601 960 1793 1001 formulis
1830 961 1888 1002 ir·

412 1023 685 1066 rationalibus
723 1022 779 1062 est
834 1024 1086 1072 tenendum,
1139 1035 1239 1076 quas
1275 1035 1414 1064 certae
1460 1023 1758 1065 substitutionis
1803 1037 1886 1079 ope

412 1089 463 1130 ad
510 1088 840 1130 rationalitatem
886 1087 1114 1142 perducere
1164 1088 1273 1128 licet.
1353 1086 1481 1128 Vnde
1516 1088 1689 1130 vicissim
1743 1088 1883 1143 plures

412 1151 671 1194 Geometrae
694 1152 1008 1193 concluserunt:
1040 1151 1068 1192 si
1105 1165 1210 1198 Quae
1238 1152 1421 1194 formula
1449 1152 1735 1194 differentialis
1768 1152 1886 1194 nullo

412 1217 536 1272 plane
576 1218 705 1259 modo
740 1216 789 1257 ab
825 1216 1145 1259 irrationalitate
1181 1216 1344 1258 liberari
1381 1226 1531 1271 queat,
1568 1228 1657 1258 tum
1694 1218 1784 1258 eius
1820 1218 1887 1258 in·

413 1282 569 1335 tegrale
604 1282 729 1323 ctiam
777 1294 910 1334 neque
945 1294 1019 1337 per
1054 1281 1329 1335 logarithmos
1367 1295 1441 1322 nec
1481 1295 1600 1323 arcus
1636 1282 1885 1331 circulares,

413 1347 552 1387 multo
590 1348 726 1388 minus
763 1346 993 1398 algebraice
1029 1347 1214 1397 exprimi
1251 1347 1386 1398 posse,
1423 1345 1488 1384 sed
1526 1346 1574 1384 ad
1609 1346 1720 1385 aliud
1754 1359 1885 1398 genus

413 1411 694 1464 quantitatum
750 1409 1130 1450 transcendentium
1184 1407 1326 1450 referri
1379 1417 1594 1462 oportere.
1683 1405 1886 1450 Ceterum

412 1474 670 1517 combinatio
707 1474 886 1515 duorum
926 1473 1270 1526 praecedentium
1327 1472 1630 1524 exemplorum
1679 1475 1887 1517 manudu-

411 1539 469 1580 cit
504 1539 556 1580 ab
591 1538 844 1580 solutionem
881 1534 1158 1590 sequentium.

935 1659 1285 1741 Exemplum
1330 1680 1375 1734 3.

600 1753 634 1802 §-
671 1761 746 1802 40.
815 1749 866 1792 Si
895 1751 1099 1806 proposita
1134 1748 1264 1807 suerit
1300 1748 1397 1790 hacc
1438 1747 1605 1794 formula
1640 1745 1883 1807 differentia·

408 1814 479 1862 Iis:
518 1817 542 1858 d
563 1829 590 1870 y
613 1828 662 1856 :-
686 1809 782 1851 ⁶23]
801 1809 823 1836 ‘¹
845 1814 888 1868 'f‘
907 1810 955 1834 ³⁴¹
974 1846 986 1868 ,
1021 1817 1107 1858 eius
1140 1814 1338 1870 integrale
1373 1814 1566 1858 inuenire.

598 1954 720 1996 Hanc
775 1941 1000 1998 sormulam
1053 1969 1134 2012 per
1181 1962 1370 1996 neutram
1417 1951 1747 1996 substitutionem
1783 1962 1880 1998 ante

408 2018 651 2073 *surpatam
691 2020 940 2063 rationalem
977 2023 1143 2063 reddere
1178 2020 1296 2061 licet:
1350 2028 1531 2071 Vtraque
1565 2030 1703 2061 tamen
1740 2018 1877 2063 iuncta

411 2086 624 2135 negotium
663 2084 813 2126 confici
852 2088 1031 2140 poterit;
1077 2098 1254 2137 namque
1291 2085 1377 2124 eius
1414 2084 1618 2137 integrale
1654 2095 1726 2138 per
1761 2084 1879 2137 loga-

412 2148 596 2189 rithmus
635 2161 677 2190 ct
715 2162 832 2190 arcus
867 2151 1092 2194 circulares
1143 2151 1326 2203 sequenti
1381 2147 1562 2189 artificio
1609 2149 1876 2204 expedietur:

412 2210 607 2253 Formiila
645 2227 756 2255 enim
797 2216 1006 2274 propofita
1039 2217 1083 2259 in
1119 2216 1234 2260 bina»
1270 2215 1483 2270 sequentes
1521 2224 1664 2270 partes
1699 2212 1874 2267 discerpi

405 2276 567 2334 potest,
603 2293 709 2335 quac
744 2282 838 2324 lunt
1809 2340 1841 2383 d

1843 2355 1876 2396 y
