2020 2748
175 1339 265 1377 Tab.
292 1343 330 1377 V.

179 1392 247 1441 fig·
279 1404 295 1438 ς

829 188 946 242 aaz
1009 189 1213 246 )¹44(
1274 188 1392 241 5:⁶³3<-

373 305 497 348 drato
552 303 768 348 distantiae
823 300 1040 357 reciproce
1074 302 1131 343 est
1167 300 1516 356 proportionalis,
1551 313 1630 356 pro
1665 302 1845 361 Apogeo

375 370 448 412 fiet
483 383 636 420 uzo,
657 380 841 420 00931,
874 378 953 422 pro
988 365 1165 421 Perigeo
1202 379 1305 407 vero
1340 372 1680 419 v:0‚01463.
1751 370 1847 413 Hoc

376 435 503 488 igitur
556 435 686 477 modo
736 434 885 475 harum
941 431 1176 474 litterarum
1212 431 1377 474 valores
1415 432 1608 483 minimi,
1644 432 1773 475 medii
1803 444 1846 477 et

375 500 553 542 maximi
590 502 651 541 ita
685 497 723 539 se
755 496 988 540 habebunt:

544 594 683 637 Valor
772 595 875 635 min.
1025 594 1135 635 med.
1280 605 1394 634 max.

612 672 650 699 m
720 671 764 709 0,
788 671 942 709 23924
979 671 1023 707 0,
1047 665 1197 709 25183
1238 670 1281 706 0,
1302 661 1456 709 26442

617 735 644 764 n
722 736 766 776 o,
788 730 941 772 59080
980 735 1023 770 0,
1043 725 1200 771 70896
1238 734 1279 771 0,
1304 730 1455 772 82712

625 802 646 828 ν
721 799 764 836 0,
784 798 934 837 00931
976 796 1198 836 0,01197
1237 792 1456 836 0,01463

376 879 566 926 Sufficiet
603 894 745 926 autem
783 883 860 924 hos
896 882 1060 923 valores
1095 881 1233 932 noffe,
1286 884 1489 937 quoniam
1526 884 1749 928 ridiculum
1783 881 1849 924 so·

376 957 466 996 ret,
504 947 544 989 in
579 948 662 990 hoc
699 947 872 1001 negotio
909 946 1099 988 minutiis
1134 945 1368 988 inhaerere.

616 1081 952 1163 Applicatio
987 1081 1288 1142 Formulae
1332 1082 1598 1143 inuentae

731 1195 794 1245 ad
825 1193 1129 1259 superficiem
1160 1196 1488 1261 sphaericam.

566 1316 600 1366 §.
633 1326 700 1366 ις.
753 1312 1050 1369 Repraesentet
1084 1314 1169 1356 iam
1207 1315 1388 1357 circulus
1427 1311 1522 1355 AB
1543 1309 1641 1354 CD
1673 1312 1848 1365 globum

378 1390 680 1435 terraqueum,
729 1378 772 1420 in
826 1379 943 1420 cuius
980 1379 1196 1434 superficie
1232 1389 1426 1422 notentur
1461 1378 1613 1433 puncta
1650 1374 1676 1417 S
1714 1385 1756 1418 et
1792 1374 1847 1423 L,

378 1447 528 1501 quibus
564 1444 646 1486 hoc
698 1453 894 1498 tempore
929 1442 1003 1485 Sol
1039 1454 1081 1484 et
1115 1444 1233 1486 Luna
1269 1442 1523 1485 verticaliter
1566 1442 1847 1486 immineant,

378 1512 438 1554 ita
471 1520 517 1551 vt
551 1508 626 1551 Sol
661 1509 846 1550 versetur
880 1508 921 1548 in
959 1506 1102 1547 zenith
1140 1508 1222 1548 loci
1257 1506 1300 1557 S,
1335 1506 1454 1548 Luna
1492 1518 1591 1548 vero
1625 1506 1668 1546 in
1703 1502 1848 1545 zenirh

378 1575 463 1617 loci
499 1573 559 1624 L,
595 1583 636 1614 et
673 1583 923 1626 quaeramus
960 1570 1108 1612 statum
1145 1570 1295 1618 maris,
1331 1583 1455 1623 quem
1494 1582 1572 1624 pro
1606 1569 1688 1611 hoc
1724 1566 1847 1608 lumi-

376 1639 542 1681 narium
598 1637 671 1679 {itu
727 1637 825 1677 esset
877 1645 1161 1689 accepturum.
1247 1632 1578 1678 Consideremus
1631 1634 1758 1688 igitur
1803 1631 1844 1671 in

375 1703 502 1745 maris
548 1701 762 1755 superficie
809 1700 1090 1754 quodcunque
1143 1700 1343 1754 punCtum
1382 1698 1442 1746 Z,
1494 1701 1606 1754 qnod
1640 1697 1761 1753 supra
1796 1695 1846 1736 li-

372 1767 523 1809 bellam
562 1765 791 1808 naturalem
824 1764 872 1804 ab
905 1764 1067 1805 actione
1106 1764 1375 1805 luminarium
1413 1765 1631 1805 attollatur
1669 1775 1744 1817 per
1780 1761 1843 1802 in·

372 1830 592 1873 teruallum
631 1842 746 1877 zv,
787 1830 825 1869 in
864 1828 1036 1882 pedibus
1074 1827 1264 1870 Parifinis
1301 1828 1679 1871 determinandum.
1731 1825 1842 1866 Hinc

372 1909 475 1950 ergo
509 1895 557 1935 ad
594 1895 746 1948 punCta
781 1892 806 1933 S
844 1903 883 1933 et
919 1893 952 1934 L
988 1893 1188 1935 ducantur
1241 1908 1355 1935 arcus
1410 1893 1666 1935 circulorum
1710 1890 1843 1930 maxi-

373 1972 543 2000 morum
583 1957 663 2001 ZS
700 1970 739 1999 ct
777 1957 890 2007 ZL,
923 1959 994 2011 qui
1033 1969 1238 2000 vocentur
1275 1956 1352 1999 ZS
1377 1956 1487 2009 1·sp
1521 1968 1561 1999 et
1598 1955 1757 1998 ZL:
1782 1955 1841 2004 ψ,

375 2038 421 2066 ac
461 2023 721 2065 manifestum
759 2024 814 2064 est
853 2022 1050 2076 angulum
1088 2019 1129 2074 Φ
1168 2025 1408 2077 exprimere
1459 2023 1687 2064 distantiam
1735 2018 1841 2060 Solis

377 2104 398 2129 a
435 2089 591 2143 punc'to
636 2088 775 2130 zenith
814 2087 895 2129 loci
932 2084 993 2136 Ζ,
1046 2086 1253 2142 similique
1309 2090 1436 2129 modo
1472 2086 1642 2140 angulus
1685 2086 1725 2136 ῴ
1761 2084 1845 2124 dis-

380 2154 550 2193 tantiam
600 2154 741 2195 Lunae
779 2153 827 2193 ab
864 2152 1013 2194 eodem
1050 2151 1219 2201 zenith‚
1273 2153 1419 2207 quibus
1473 2151 1613 2208 politis
1668 2148 1839 2204 spatium

378 2218 620 2260 eleuationis
659 2232 686 2259 v
727 2219 843 2272 supra
881 2216 1063 2258 libellam
1099 2216 1321 2260 definietur
1355 2218 1430 2258 hac
1468 2215 1724 2270 aequatione:

1739 2303 1840 2335 v:
