2020 2748
838 197 1397 261 ’ἓξᾙςηὲἰῴ-

599 345 1614 424 DISQVISITIO

1060 481 1171 525 DE

371 566 782 624 METHODO
844 572 1426 626 CONSTRVENDI
1491 571 1850 630 TABVLAS

1054 671 1192 707 pao

532 745 738 803 MOTV
786 748 1308 803 PROIECTILIVM
1357 750 1441 802 IN
1490 741 1690 806 AERE

855 845 1369 902 RESISTENTE.

1016 1061 1207 1105 Austore

921 1154 981 1198 17.
1013 1157 1063 1200 1..
1098 1158 1303 1216 Krasst.

1050 1420 1088 1469 ς.
1131 1429 1168 1460 1.

510 1526 636 1569 qnam
666 1513 709 1553 in
735 1511 988 1556 difficillimo
1022 1514 1316 1568 problemate,
1346 1512 1396 1554 de
1433 1510 1715 1567 proicffilium
1751 1527 1845 1557 mo-

481 1591 523 1620 tu
562 1579 604 1618 in
639 1577 862 1631 hypothesi
899 1578 1147 1620 resistentiae
1183 1576 1335 1625 medii,
1387 1577 1617 1618 celeritatis
1662 1580 1848 1631 quadra-

373 1657 423 1689 to
457 1643 812 1698 proportionalis,
865 1643 1016 1683 summi
1053 1641 1315 1686 Geometrae
1353 1650 1471 1681 tanto
1511 1642 1645 1683 studio
1677 1653 1720 1683 et
1755 1654 1843 1685 tam

370 1710 483 1751 se¹ici
520 1708 697 1747 successu
735 1706 825 1747 sunt
860 1709 1040 1759 versati,
1074 1718 1147 1755 vt,
1197 1717 1399 1760 quantum
1437 1705 1671 1756 Analyseos
1706 1707 1841 1750 adhuc

371 1771 566 1815 excultae
604 1770 745 1810 ferunt
779 1771 913 1821 vires,
955 1772 1020 1820 id,
1073 1771 1279 1811 theoriam
1315 1771 1427 1823 quod
1463 1771 1642 1820 attinet,
1698 1771 1844 1812 euolu-

372 1847 467 1878 turn
514 1834 764 1875 censendum
811 1833 881 1874 fit:
935 1835 1046 1888 quod
1083 1835 1329 1890 primarium
1367 1836 1409 1875 in
1454 1834 1531 1875 hac
1568 1847 1612 1875 re
1649 1848 1842 1878 momen-

372 1912 464 1942 tum
502 1899 557 1940 est
595 1909 637 1938 et
673 1898 721 1937 ad
758 1900 984 1951 practicam
1019 1901 1139 1941 vsum
1172 1899 1365 1939 omnium
1417 1900 1608 1940 maxime
1642 1899 1842 1940 deficiem-

375 1975 467 2011 tur,
504 1963 552 2003 ad
591 1962 827 2002 tabularum
864 1963 1156 2005 ballisticarurn
1194 1975 1277 2002 non
1315 1965 1437 2004 nimis
1473 1967 1694 2017 operolarn
1734 1975 1839 2003 con-

374 2029 646 2071 structionem
700 2026 830 2075 redit,
883 2040 989 2080 quae
1027 2040 1103 2070 nec
1138 2026 1317 2068 difficilis
1351 2039 1420 2069 aut
1456 2028 1732 2082 complicatae
1763 2040 1839 2082 ap-

375 2091 614 2148 plicationis
665 2091 705 2130 in
759 2091 842 2143 ipsa
878 2097 1003 2146 praxi
1040 2092 1144 2140 fint,
1178 2102 1219 2132 et
1254 2093 1579 2146 experimentis,
1633 2101 1836 2145 quantum

378 2170 482 2206 opus
520 2156 600 2201 est,
637 2166 883 2206 congruant.
937 2157 1092 2211 Neque
1128 2157 1254 2197 etiam
1294 2157 1474 2209 praetico
1509 2156 1607 2197 huic
1643 2156 1730 2196 vsui
1764 2155 1837 2194 de-

376 2220 455 2260 fuit
490 2218 886 2264 mathematicorum
938 2220 1063 2277 sagax
1115 2220 1338 2276 indullxia3
1392 2222 1587 2280 inprimis
1622 2220 1734 2263 enim
1770 2217 1836 2258 lll-

1717 2280 1839 2327 Eule-
