2020 2748
632 216 745 266 »8³33
811 212 1007 272 )231(
1069 217 1184 267 ἓῖεὲω

178 338 267 370 tum
304 327 408 375 (υἷε,
454 327 618 370 flocculi
654 325 918 379 secesserant,
971 342 1076 382 qnos
1112 328 1226 371 filtro
1260 332 1462 385 separaui.
1531 330 1639 375 Rea-

179 393 320 446 gentia
356 394 397 434 in
435 393 601 447 liquidis
636 392 763 434 solam
800 395 1045 446 acedinem‚
1095 397 1413 449 pinguinositdti
1449 397 1633 438 iunctam

182 459 430 500 indicarunt.

360 585 712 643 Quandoquidem
751 597 853 628 vero
888 586 1053 630 acidum
1091 587 1351 641 pinguedinis
1388 586 1471 628 sola
1507 583 1644 627 destil-

180 652 337 695 latione
374 654 561 706 depurari
597 662 636 692 et
672 655 936 692 concentrati
993 653 1157 704 nequit,
1212 651 1386 692 saturaui
1432 651 1641 703 liquorem

180 719 362 758 contrito
415 727 456 757 et
510 716 721 769 puriffimo
773 715 850 755 sale
903 716 1045 756 tartari
1102 715 1147 770 (e
1185 717 1302 757 nitro
1356 726 1396 755 et
1443 714 1644 765 crystallis

180 778 370 835 tartari),
423 782 536 833 quod
589 780 711 820 huius
765 779 852 819 salis
898 779 1231 832 sesquidrachma
1277 778 1531 820 exac'tiffime
1584 778 1645 817 ef-

179 846 334 886 festum
369 845 435 885 est.
510 845 666 895 Liquot
701 844 902 883 saturatus
938 844 1236 897 euaporatione
1270 844 1400 884 nullas
1437 842 1642 896 produxit

179 909 408 960 crystallus,
445 909 509 950 sed
548 907 600 948 sal
637 905 840 955 informe,
878 907 1133 959 nigrescens,
1168 906 1505 958 empireumatici
1540 906 1644 946 odo-

177 975 257 1022 ris,
310 974 421 1012 aerei
456 971 647 1012 humoris
700 968 912 1020 bibulum,
964 969 1077 1022 quod
1128 969 1290 1023 pondus
1327 968 1421 1014 3ii.
1455 980 1517 1022 gr.
1551 967 1645 1015 XL.

180 1035 386 1088 aequauit.

367 1159 415 1201 In
453 1160 543 1202 vase
594 1159 863 1215 porcellaneo
897 1159 966 1201 hic
1019 1159 1085 1203 Sal
1140 1160 1265 1201 fluxit
1310 1159 1529 1212 facillime,
1580 1160 1649 1204 fn-

179 1236 298 1266 mans
335 1236 376 1265 et
412 1225 671 1276 spumescens
723 1224 951 1273 infigniter.
1037 1224 1259 1276 Postquam
1320 1225 1537 1266 ceffauerat
1579 1224 1646 1265 fu-

180 1300 296 1332 mus,
333 1287 538 1336 reliquum
576 1285 753 1323 solutum
791 1294 830 1324 et
865 1297 941 1337 per
976 1284 1134 1326 filtrum
1187 1286 1406 1328 traiectum
1444 1300 1647 1342 euapora·

181 1349 237 1387 vi.
322 1347 484 1387 lterum
521 1346 649 1388 defuit
684 1348 819 1386 forma
856 1349 1115 1399 crystallina,
1166 1350 1232 1391 sed
1269 1352 1391 1391 massa
1428 1351 1551 1393 salina
1584 1352 1646 1393 la-

181 1410 349 1451 mellosa
385 1410 601 1460 remansit,
653 1423 757 1463 quae
795 1402 879 1450 n'on
913 1414 1004 1453 latis
1043 1418 1234 1461 iatumta,
1271 1414 1490 1457 humidum
1538 1416 1644 1457 aeris

181 1476 367 1515 attraxit.
434 1474 555 1514 'subo
590 1474 932 1515 ferruminatorio
986 1478 1175 1530 oppofita
1230 1478 1531 1521 intumescebat
1574 1493 1644 1521 ea-

179 1539 300 1587 dem,
353 1539 513 1578 fnmum
565 1529 820 1578 luminosum
876 1541 1010 1582 emisit
1053 1552 1095 1582 et
1131 1540 1341 1584 reslduum
1376 1554 1493 1585 mete
1536 1543 1645 1594 alcas

179 1602 309 1644 licum
347 1602 487 1642 album
526 1603 688 1644 tandem
724 1602 926 1644 exhibuit.

367 1725 514 1767 Illustr.
557 1725 755 1782 Segnerus
808 1728 933 1785 (Diff.
971 1729 1107 1787 citat.)
1144 1742 1186 1774 et
1221 1730 1312 1776 Cel.
1350 1731 1464 1779 Crell
1512 1735 1563 1793 (1.
1600 1749 1638 1779 c.

181 1804 220 1844 p.
262 1794 337 1829 60.
376 1791 480 1830 Part.
515 1790 566 1831 11.
604 1806 642 1846 p.
669 1806 754 1833 112
804 1806 844 1834 et
881 1793 959 1836 lV.
994 1810 1034 1849 p.
1071 1797 1174 1853 47.)
1210 1800 1326 1841 solita
1363 1801 1428 1841 sua
1464 1803 1640 1856 diligen-

181 1857 236 1894 tia
274 1867 315 1893 et
351 1855 539 1896 acumine
572 1857 677 1897 acidi
715 1859 972 1914 pinguedinis
1021 1873 1238 1911 naturam,
1290 1865 1462 1917 eiusque
1500 1868 1546 1906 ad
1582 1866 1645 1906 al-

178 1918 331 1966 cohol,
388 1919 480 1958 salia
525 1921 659 1970 varia,
711 1935 836 1964 terras
875 1934 916 1964 et
953 1927 1120 1966 metalla
1172 1930 1420 1968 relationem
1471 1930 1640 1981 indaga-

181 1994 302 2031 runt,
354 1994 398 2022 vt
435 1982 627 2025 vlteriora
663 1989 703 2028 in
739 1989 818 2028 hoc
857 1991 1087 2030 tentamina
1130 1992 1332 2044 superflua
1379 1992 1482 2033 mihi
1520 1994 1639 2034 vide-

181 2059 346 2094 remum
402 2060 533 2097 neque
572 2049 719 2100 exigua
756 2066 777 2092 e
814 2053 958 2092 salibus
997 2052 1179 2094 saturatis
1217 2056 1386 2108 expulsa
1424 2058 1526 2099 acidi
1564 2070 1637 2097 co-

180 2124 247 2164 pia
285 2109 520 2153 sufficiebat.
606 2112 773 2156 Crellius
815 2127 1029 2171 praeterea
1072 2118 1177 2173 (loc.
1214 2121 1310 2171 cit.)
1345 2120 1489 2161 docuit
1526 2123 1642 2175 inge·

181 2175 316 2223 nime,
367 2177 584 2228 quomodo
634 2182 796 2222 acidum
849 2181 951 2224 illud
995 2196 1015 2224 e
1058 2183 1220 2237 vulgari
1265 2188 1414 2238 inpone
1473 2186 1638 2240 copiose

179 2240 315 2292 parari
353 2239 483 2293 poffit.

1499 2317 1532 2365 §-
1573 2326 1649 2356 11.
