2020 2748
585 257 700 309 »323
763 253 780 313 )
817 267 871 308 aa
909 252 926 311 (
989 250 1117 307 2323&

113 366 266 423 igitur,
298 368 462 420 quando
493 379 571 421 pro
602 366 767 421 singulis
802 366 1022 409 factoribus
1056 362 1388 408 denominatoris
1424 361 1471 416 Q
1501 362 1563 402 in-

113 442 261 472 ventae
295 430 448 474 fuerint
480 429 696 471 fractiones
733 431 938 489 fimpliqs
973 429 1066 483 ipfis
1103 427 1414 482 respondentes,
1451 426 1559 466 surn-

113 507 182 535 ma
217 493 404 534 omnium
456 491 604 532 harum
652 493 897 534 frae'tionum
951 485 1196 544 aeq‘uabitur
1232 490 1424 531 fraffloni
1459 502 1560 542 pro-

304 552 324 574 P

112 557 266 611 positae
296 581 342 617 ὅ.
408 553 572 595 Primus
608 555 776 608 quidem
810 558 853 598 in
887 556 1203 597 introductione
1239 566 1332 594 mea
1365 553 1414 594 ad
1444 551 1560 593 Ana·

113 632 213 684 lyfin
247 630 506 671 infinitorum
543 630 794 672 methodum
835 631 984 674 tradidi
1019 631 1111 671 satis
1146 629 1398 682 simplicem,
1441 629 1558 670 cuius

113 706 193 748 ope
224 685 367 733 omnes
403 694 498 734 istae
547 693 767 736 fraffiones
818 695 1011 749 partiales
1046 706 1124 747 pro
1160 692 1324 744 singulis
1367 692 1562 732 denomi-

108 755 264 796 natoris
314 755 536 797 factoribus
588 759 759 809 reperiri
817 768 995 808 queant,
1046 758 1128 797 fine
1171 755 1259 796 vilo
1294 755 1473 808 respectu
1510 755 1561 794 ad

107 817 288 870 reliquas
338 818 512 869 habito,
580 832 755 870 quarum
808 820 914 860 ratio
966 817 1137 858 antehac
1194 820 1327 858 teneri
1378 817 1559 859 debebat.

107 880 377 923 Postmodum
409 893 510 921 vero
536 882 650 920 istam
688 882 934 921 methodum
970 882 1101 931 magis
1136 880 1320 928 excolui,
1348 890 1390 919 et
1415 893 1562 932 quem-

111 944 341 985 admodum
392 956 472 996 ope
528 942 672 983 calculi
735 943 1015 982 differentialis
1066 941 1225 980 facilius
1278 941 1325 980 ad
1388 943 1560 992 quosuis

109 1008 200 1046 vsus
235 1005 547 1046 accommodari
600 1004 742 1057 poffit,
778 1006 940 1045 vberius
990 992 1162 1043 ostendi.
1238 1001 1364 1043 Nunc
1418 1014 1560 1043 autem

108 1069 272 1122 penitus
308 1081 417 1109 noua
452 1067 546 1108 Idea
583 1066 662 1107 seie
699 1067 800 1107 mihi
837 1067 987 1107 obtulit
1038 1066 1207 1106 eandem
1262 1065 1558 1106 resolutionem

107 1130 377 1184 perficiendi,
428 1142 534 1184 quae
587 1130 830 1184 plerumque
885 1131 1101 1182 negotium
1157 1141 1237 1169 non
1296 1130 1560 1171 mediocriter

109 1194 322 1235 subleuare
374 1194 551 1233 videtur.
635 1192 848 1247 imprimis
901 1204 1039 1232 autem
1079 1193 1126 1232 ad
1159 1192 1391 1232 fuufflones
1442 1202 1560 1232 tran-

111 1257 351 1298 scendentes
389 1257 492 1296 mira
529 1254 723 1297 facilitate
759 1256 1067 1297 accommodari
1103 1255 1255 1308 potest,
1307 1257 1417 1295 vnde
1459 1268 1561 1310 ope-

111 1333 184 1362 rae
220 1320 396 1371 pretium
431 1320 519 1356 fore
553 1319 761 1368 existimo,
796 1319 824 1358 fi
861 1319 975 1359 istam
1012 1330 1162 1359 nouam
1199 1318 1443 1361 methodum
1486 1319 1560 1359 ad-

111 1382 296 1422 curatius
332 1380 577 1432 exposuero.

296 1512 330 1561 ς.
368 1523 407 1550 2.
473 1506 536 1550 Sit
569 1507 695 1561 igitur
728 1520 859 1550 z-—a
892 1508 1023 1550 faetor
1062 1510 1238 1561 ssmplex
1273 1509 1564 1554 denominato-d

111 1571 166 1613 ris
188 1570 254 1625 Q,
291 1573 373 1613 siue
407 1572 627 1618 solitarius,
663 1572 746 1611 fiue
783 1582 1049 1625 quotcunque
1081 1573 1153 1612 fibi
1189 1571 1375 1625 aequales*
1412 1575 1564 1614 admit-

113 1643 218 1675 tens.
285 1635 350 1676 Ac
387 1635 514 1688 priori
550 1635 638 1675 casu
690 1635 785 1675 inde
835 1634 983 1675 fractio
1033 1634 1206 1689 fimplex
1261 1636 1436 1677 oriunda
1483 1638 1563 1678 erit

162 1699 183 1718 ‘¹
236 1727 245 1736 .
310 1697 383 1738 Sin
418 1707 555 1738 autem
591 1698 886 1738 den-ominator
929 1699 1048 1738 binos
1098 1699 1334 1740 huiusmodi
1388 1700 1561 1741 fastores

111 1739 220 1758 2-0

117 1768 304 1822 aequales
339 1767 547 1817 inuoluat,
581 1767 735 1808 scilicet
766 1765 956 1821 (z—a)²,
992 1778 1080 1807 tum
1116 1766 1312 1807 resolutio
1347 1767 1460 1809 binas
1495 1769 1566 1810 da-

118 1863 178 1903 bit
212 1861 428 1901 fraffiones
459 1860 666 1915 simplices
700 1889 748 1894 —-
778 1845 806 1870 α
902 1870 966 1909 —i-
1036 1832 1064 1885 β
1138 1875 1150 1914 ;
1200 1870 1242 1902 at
1286 1861 1315 1901 fi
1364 1862 1562 1903 factorem

718 1915 743 1941 z
763 1924 802 1931 -
821 1915 846 1941 a
987 1916 1012 1942 z
1033 1925 1068 1932 -
1089 1917 1114 1942 a

118 1964 267 2006 habeat
303 1964 490 2046 caubicum
527 1965 568 2021 (z
591 1902 720 2020 -a)³(‚
754 1901 1012 2005 fradiizones
1007 1965 1210 2019 fimplices
1245 1966 1340 2005 inde
1373 1976 1488 2007 ortae
1522 1980 1565 2006 e-

121 2037 218 2067 runt
258 2066 289 2094 (
303 2075 341 2080 —
315 2022 634 2093 α),-ὶ-(Ζ-α,
593 2064 634 2096 0²)
652 2024 890 2087 -4——-—,
942 2037 983 2068 et
1018 2028 1074 2067 ita
1109 2041 1235 2082 porro
1284 2042 1362 2082 pro
1405 2030 1567 2069 altiori·

123 2111 197 2151 bus
234 2107 507 2162 potestatibus.
572 2110 735 2151 Totum
788 2108 914 2159 igitur
963 2106 1182 2157 negotium
1218 2105 1301 2144 huc
1338 2105 1469 2153 redit,
1517 2115 1565 2146 vt

122 2186 201 2227 pro
237 2170 399 2222 singulis
451 2170 687 2213 huiusmodi
739 2169 955 2210 saecoribus
1006 2179 1287 2208 numeratores
1332 2183 1381 2214 α,
1417 2169 1468 2223 β,
1502 2183 1566 2223 γ,

125 2246 203 2276 etc.
223 2233 487 2281 definiantur,
521 2247 596 2286 pro
624 2248 702 2287 qua
738 2232 1055 2285 inuestigatione
1088 2232 1169 2272 iam
1205 2231 1307 2272 olim
1344 2240 1565 2285 praecepta

122 2299 223 2340 Αέῖα
240 2298 362 2338 Acad.
381 2295 475 2349 Imp.
495 2295 563 2338 Sc.
579 2297 687 2339 Tom.
704 2297 768 2338 W.
785 2299 831 2337 P.
848 2295 880 2335 1.
1168 2296 1206 2337 E
1454 2295 1565 2338 dedi.
