2020 2748
615 227 727 277 ’ἕξ
791 221 985 280 )237(
1047 223 1162 296 3103&

576 341 1046 421 Experimentum
1093 357 1172 413 15.

336 464 370 512 ξ.
398 475 466 512 19.
533 459 593 501 Vt
627 461 866 513 experirer,
903 471 1042 499 nonne
1077 458 1220 511 portio
1255 457 1382 511 adipis
1418 459 1601 513 digestio-

152 539 204 566 ne
241 525 281 566 in
319 525 587 577 mucilaginem
625 533 783 563 mutata
831 521 976 573 fuerit,
1027 523 1210 573 itemque
1245 536 1293 561 an
1332 523 1451 577 adeps
1488 521 1623 565 ablu-

151 591 265 630 tione
299 589 434 629 denuo
470 587 625 627 restitui
662 589 703 625 in
740 585 958 638 pristinum
997 586 1142 625 statum
1189 588 1339 638 postet,
1386 588 1524 628 vncias
1560 601 1604 628 e-

146 653 209 694 ius
246 654 357 693 binas
400 651 557 704 saepius
601 662 705 702 aqua
741 649 898 690 feruida
934 649 1042 690 ablui
1077 649 1243 698 curaui,
1295 660 1336 690 et
1381 652 1600 704 refrigera-

149 727 232 757 tam
279 715 441 767 fingulis
477 713 635 754 vicibus
689 725 836 764 aquam
890 710 1028 757 effudi.
1098 712 1234 752 Prima
1280 726 1381 766 aqua
1418 716 1600 756 nauseofi

150 788 239 819 erat
273 779 437 828 odoris,
470 777 618 829 absque
656 776 854 816 ia-lsedinis
891 777 1047 830 indicio
1083 776 1191 825 v1103
1237 777 1492 829 sequentium
1531 779 1601 820 ab·

147 842 356 882 lutionum
393 854 495 894 aqua
532 839 1004 894 pingazinaso-tm·bida,
1058 840 1168 894 quasi
1220 841 1514 894 mucilaginosa
1557 856 1602 883 e-

150 905 265 945 vafit.
334 905 425 944 Post
460 905 727 945 filtrationem
767 914 876 943 trans
925 904 1104 945 linteum
1158 914 1382 955 euaporata
1432 906 1600 958 reliquit

146 979 298 1008 mucum
331 968 544 1015 cinereum,
583 968 696 1005 cuius
732 966 866 1003 ficcari
904 969 1061 1016 pondus
1097 964 1338 1004 drachmam
1377 969 1599 1018 aequauit,

146 1033 300 1080 quique
333 1029 451 1068 facile
483 1040 587 1080 aqua
619 1027 920 1071 dissbluebatur.
998 1025 1140 1079 Adeps
1177 1038 1285 1066 nunc
1325 1028 1450 1068 euasit
1487 1031 1598 1070 cine-

145 1102 238 1138 rea,
287 1090 368 1132 fine
404 1091 535 1131 odore
570 1089 787 1137 muscose,
839 1089 1019 1130 multum
1056 1090 1225 1143 quidem
1261 1092 1508 1149 emendata,
1558 1102 1599 1133 at

143 1165 228 1194 non
265 1154 314 1194 ad
347 1155 559 1209 pristinum
593 1153 779 1208 gradum.

564 1268 1042 1347 Experimentum
1088 1267 1176 1324 16.

332 1390 365 1438 ς.
391 1399 475 1427 ιο.
541 1385 736 1440 Digestae
773 1386 900 1439 adipis
936 1388 1081 1435 vncia,
1137 1398 1231 1426 cum
1269 1383 1501 1439 quadruplo
1535 1385 1595 1426 al-

146 1451 306 1493 coholis
358 1451 531 1503 digesta,
582 1451 801 1490 tinsturam
854 1448 994 1489 effecit
1043 1442 1158 1502 gustu
1196 1458 1235 1488 et
1271 1449 1421 1489 odore
1448 1449 1595 1490 admo-

144 1517 243 1556 dum
281 1514 629 1561 nauseabundam‚
673 1525 775 1564 quae
808 1511 1001 1551 instillata
1038 1524 1168 1565 aquae
1205 1511 1467 1566 lactescebat,
1517 1525 1596 1565 po·

145 1579 308 1632 sseaque
342 1578 522 1632 guttulas
556 1577 710 1617 oleosas
744 1579 786 1617 in
823 1574 1037 1628 superficie
1071 1574 1294 1616 formabat.

573 1708 1066 1789 Experimentum-
1100 1722 1181 1780 17.

332 1832 366 1879 ς,
404 1841 473 1870 21.
534 1827 694 1870 Decem
729 1830 873 1869 vnciae
910 1828 1038 1881 adipis
1072 1825 1279 1874 recentis,
1313 1823 1588 1878 digestionem

145 1896 294 1949 paffae,
330 1907 351 1933 e
386 1901 537 1932 retorta
585 1893 730 1934 balneo
782 1904 926 1934 arenae
973 1891 1193 1943 imposita,
1245 1888 1368 1927 instar
1412 1889 1587 1928 recentis

144 1958 453 2009 Experimento
482 1970 524 2006 4.
558 1957 684 2009 adipis
721 1956 940 1997 destillatae
975 1953 1080 1993 sunt.
1147 1952 1274 1993 Initio
1309 1951 1442 1990 statim
1480 1951 1588 1991 a'e’ris

143 2021 277 2061 bullae
314 2018 502 2072 copiosae
553 2021 842 2070 ascenderunt3
893 2017 1049 2059 translit
1094 2028 1197 2056 mox
1233 2015 1355 2054 oleum
1389 2012 1543 2057 blatra„
1543 2025 1591 2053 e-

142 2097 228 2131 um,
284 2084 442 2123 sordide
478 2082 649 2133 flauum,
703 2085 794 2124 dein
831 2082 995 2123 fluidius
1031 2079 1185 2120 coloris
1229 2077 1416 2124 saturati,
1451 2074 1589 2119 simul

143 2148 356 2200 vrriusque
391 2147 533 2186 vnciae
567 2148 727 2197 §viia
763 2161 857 2188 cum
894 2145 1001 2185 socia
1047 2141 1286 2198 phlegmatis
1320 2140 1442 2180 vncia
1523 2137 1587 2180 O-

142 2210 194 2251 lei
230 2213 383 2265 pariter
417 2220 457 2250 et
491 2209 736 2265 phlegmatis
771 2212 875 2252 odor
910 2208 1121 2261 volatilis,
1153 2216 1368 2262 pungens,
1401 2210 1585 2244 attamen

832 2273 868 2316 G
889 2286 914 2328 g
951 2285 976 2325 3
1452 2266 1592 2309 multo
