2020 2748
578 216 691 267 ⁰⁶5³.ss
756 215 955 271 )279(
1018 212 1132 264 5:23<-

123 338 272 370 terram
312 328 613 380 reuolueretur‚
658 339 745 369 tum
785 341 1009 369 numerum
1046 327 1235 370 omnium
1274 326 1585 370 corrcfflonum

123 404 338 447 tantopere
391 393 710 447 multiplicatum
751 394 813 442 iri,
866 402 911 432 vt
947 401 1083 433 motus
1122 393 1241 445 plane
1279 405 1363 432 non
1401 394 1578 448 amplius

124 471 201 512 per
236 457 471 500 huiusmodi
509 456 659 501 tabulas
696 457 987 511 repraesentari
1025 458 1155 509 post'et
1182 487 1192 504 ‚
1246 458 1425 511 ideoque
1464 458 1581 499 nobis

123 522 362 563 etiamnunc
407 523 516 563 foret
559 520 936 574 inperscrutabilis;
988 522 1267 573 quamobrem
1317 522 1580 578 summopere

123 587 283 627 neceffe
321 587 411 635 erit,
448 587 489 626 in
526 585 651 625 alium
692 585 863 625 modum
904 586 1086 626 maxime
1110 587 1334 635 diuersum,
1362 586 1584 628 huiusmo-

123 651 166 690 di
200 650 345 692 Lunae
381 660 544 690 motum
591 649 943 702 repraesentandi,
980 651 1221 703 inquirere,
1259 653 1375 692 cuius
1410 652 1579 704 quidem

123 713 256 756 adhuc
290 726 340 754 ne
373 713 440 755 vel
478 714 696 754 minimam
734 715 951 754 notionem
989 714 1105 756 nobis
1146 716 1332 756 formare
1378 716 1581 757 valemus.

121 777 211 819 Hae
246 788 385 819 autem
422 777 687 819 difficultates
725 790 777 818 eo
811 778 940 830 magis
977 778 1236 829 increscent,
1285 792 1371 834 quo
1408 781 1582 835 propius

123 842 261 884 orbita
314 843 406 883 talis
457 842 600 883 Lunae
652 842 701 881 ad
754 842 936 882 limitem
1009 842 1206 896 sphaerae
1261 844 1413 885 lunaris
1466 845 1584 899 supra

121 905 272 952 fixum,
307 907 456 947 scilicet
490 909 633 956 0:13³
670 906 891 946 accesserit.
937 905 1003 945 Ac
1039 905 1066 944 ss
1104 906 1192 945 talis
1216 908 1332 947 Luna
1367 908 1581 961 existeret,

119 969 236 1010 fateri
271 982 528 1021 cogeremur,
566 981 641 1008 nos
677 967 832 1006 nullam
873 967 1034 1019 prorsus
1069 967 1207 1008 ideam
1245 971 1331 1009 eius
1372 981 1509 1011 motus
1530 984 1583 1011 ne

120 1042 261 1071 mente
304 1033 468 1084 quidem
515 1031 735 1082 concipere
770 1029 913 1081 poss‘e,
968 1030 1179 1084 talemque
1215 1043 1378 1074 motum
1416 1038 1581 1086 prorsus

117 1094 207 1135 fore
242 1093 601 1142 inextricabilem,
653 1092 724 1133 nifi
762 1092 865 1133 forte
904 1094 1038 1135 nostra
1075 1095 1242 1137 scientia
1276 1098 1484 1151 analytica
1518 1100 1582 1140 in-

115 1157 296 1212 fignibus
332 1158 603 1200 incrementis
640 1157 766 1199 fuerit
801 1157 1064 1212 locupletata.

307 1285 342 1332 §.
378 1296 451 1334 41.
522 1280 633 1325 Cum
667 1282 809 1337 igitur,
829 1295 914 1338 qno
949 1286 1121 1340 propius
1158 1287 1343 1330 distantia
1379 1289 1468 1331 talis
1497 1291 1585 1332 Lu-

119 1360 195 1390 nae
240 1347 288 1389 ad
331 1348 509 1388 limitem
547 1348 665 1401 supra
699 1347 916 1389 definitum
953 1354 1113 1402 αῑῑέε
1150 1355 1581 1407 appropinquauerit,

119 1414 205 1453 cius
242 1423 380 1452 motus
416 1411 617 1453 continuo
654 1414 786 1465 magis
822 1411 893 1452 fiat
929 1413 1175 1467 irregularis,
1223 1428 1344 1470 atque
1379 1420 1481 1460 adeo
1517 1421 1583 1461 vi-

120 1490 185 1517 res
223 1476 348 1517 nostri
383 1476 536 1530 ingenii
572 1475 753 1530 superet,
791 1490 841 1517 eo
879 1479 1008 1530 magis
1047 1479 1103 1519 est
1142 1480 1412 1531 mirandum,
1466 1484 1579 1537 quod

116 1541 159 1581 in
211 1539 300 1594 ipso
345 1539 476 1581 limite
521 1543 682 1591 αῖ-ῑζτο
736 1541 978 1594 contingere
1014 1544 1172 1596 posset,
1225 1556 1273 1586 vt
1306 1546 1425 1587 Luna
1463 1559 1580 1590 motu

121 1606 224 1645 adeo
260 1605 461 1647 vniformi
498 1606 539 1645 in
576 1605 734 1646 circulo
771 1606 1124 1648 circumferretur.
1162 1607 1328 1650 Verum
1367 1612 1488 1653 istum
1510 1626 1578 1654 ca-

116 1669 204 1709 sum
253 1670 485 1722 comparari
535 1671 755 1711 conueniet
790 1683 884 1711 cum
923 1671 1128 1712 eiusmodi
1166 1673 1266 1714 statu
1302 1677 1539 1729 aequilibrii
1562 1709 1575 1730 ‚

119 1734 189 1786 qui
226 1733 358 1773 labilis
392 1733 456 1773 seu
491 1734 662 1775 caducus
698 1735 891 1788 appellari
928 1734 1039 1776 solet.
1093 1735 1236 1779 Veluti
1274 1741 1442 1792 quando
1478 1756 1574 1784 acus

118 1797 282 1852 cuspide
316 1797 477 1838 infistit:
515 1798 632 1840 fimul
667 1813 713 1840 ac
751 1800 866 1841 enim
905 1813 1029 1854 quam
1054 1802 1229 1842 minime
1266 1804 1320 1843 ob
1356 1805 1438 1847 hoc
1473 1808 1579 1848 statu

116 1861 241 1902 suerit
276 1861 498 1914 aberratus,
533 1874 613 1904 tota
648 1864 841 1904 machina
876 1864 918 1904 in
955 1866 1117 1908 ruinam
1155 1867 1371 1910 delabitur.
1436 1869 1577 1913 Simili

118 1926 249 1966 modo
285 1925 311 1966 fi
347 1936 482 1967 motus
516 1926 749 1971 huiusmodi
772 1929 914 1969 Lunae
951 1943 1076 1982 quam
1099 1932 1274 1972 minime
1310 1947 1332 1973 a
1365 1945 1479 1975 motu
1500 1936 1575 1977 illo

115 1991 290 2041 regulari
327 1989 505 2039 deficiat,
548 1992 678 2033 subito
711 1995 900 2035 maxime
937 1994 1084 2034 euadet
1121 1996 1389 2052 irregularis,
1440 2012 1575 2054 neque

114 2053 209 2094 vilis
243 2054 395 2108 regulis
429 2055 497 2096 vel
532 2056 675 2098 tabulis
710 2057 1010 2113 comprehendi
1044 2060 1213 2112 poterit.

399 2179 1275 2213 Μ

1489 2309 1572 2355 DE
