2020 2748
847 209 962 261 ··82³'.3
1025 203 1042 261 )
1084 215 1172 259 298
1211 207 1227 265 (
1292 207 1406 259 &123⁴-

402 317 529 362 Hunc
588 318 799 362 calculum
864 332 1027 363 tautum
1093 322 1332 377 speciminis
1400 320 1501 364 loco
1564 318 1631 362 hic
1696 321 1889 375 apposul·

406 398 514 426 mus.
584 383 835 438 Optandum
890 398 1029 428 autem
1085 389 1218 442 soret,
1274 397 1318 428 vt
1355 387 1448 441 quis
1486 386 1673 427 laborem
1713 385 1889 440 suscipe·

407 460 498 502 ret,
533 449 640 490 hanc
680 449 826 491 serit-m
865 453 1014 494 maiori
1052 466 1151 494 cura
1189 452 1327 493 multo
1362 452 1530 506 lougius
1569 463 1699 505 vsque
1737 452 1786 491 ad
1823 451 1889 491 iu·

405 523 565 566 tegram
606 514 944 565 reuolutionem,
980 529 1104 571 atque
1140 517 1246 558 adeo
1279 518 1375 559 duas
1413 517 1601 571 pluresue
1636 515 1892 570 prosequen-

401 578 468 632 di,
507 587 596 618 tum
634 580 747 620 enim
787 581 947 622 facilius
985 583 1156 624 iudicari
1191 583 1373 638 poterit,
1422 592 1567 623 vtrum
1604 590 1743 623 certus
1779 580 1890 625 ordo

401 642 443 686 in
482 643 768 698 progressione
803 644 962 687 horum
999 660 1277 689 numerorum
1313 647 1452 703 detegi
1488 656 1649 702 queat,
1685 658 1761 687 nec
1797 657 1866 688 ne.

590 819 625 869 ξ.
667 829 740 868 23.
811 817 1071 874 Quanquam
1109 819 1149 860 in
1187 818 1267 861 hoc
1303 818 1508 874 exemplo
1553 819 1743 860 distantia
1778 831 1807 861 v
1841 816 1891 859 ab

405 882 532 925 initio
586 885 764 926 crescere
818 885 1003 939 incepit,
1054 895 1196 926 tamen
1251 897 1355 926 mox
1407 885 1647 925 maximum
1698 883 1892 924 valorem

404 949 656 1002 assequitur,
714 963 736 988 a
770 961 855 1000 quo
889 950 1088 1003 deinceps
1145 951 1297 989 iterum
1336 949 1564 1002 decrescit;
1615 948 1754 1003 sicque
1800 947 1893 988 nul-

403 1013 491 1054 lum
530 1013 581 1053 est
619 1011 823 1065 dubium,
875 1025 977 1065 quin
1033 1013 1112 1053 tale
1155 1026 1306 1066 corpus
1363 1023 1499 1054 totum
1553 1014 1671 1053 suum
1725 1023 1892 1054 motum

406 1079 516 1119 intra
569 1076 783 1130 sphaeram
840 1075 1028 1118 lunarem
1068 1076 1115 1117 sit
1150 1078 1431 1130 peracturum.
1515 1075 1588 1116 Sin
1626 1086 1764 1117 autem
1811 1075 1894 1116 hoc

408 1154 562 1196 corpus
600 1141 651 1181 ab
689 1141 812 1180 initio
849 1143 890 1181 in
930 1141 948 1181 l
984 1141 1155 1192 oblique
1192 1141 1327 1182 suisset
1363 1141 1627 1195 proiectum,
1672 1150 1762 1181 tum
1801 1140 1893 1180 eui-

405 1207 509 1248 dens
544 1205 625 1253 cst,
675 1203 718 1244 id
757 1215 863 1242 mox
900 1216 922 1243 e
960 1203 1133 1256 sphaera
1187 1205 1322 1244 lunari
1382 1207 1634 1254 egressurum
1671 1215 1712 1244 et
1750 1205 1791 1245 in
1829 1217 1894 1245 re-

406 1270 577 1326 gionem
629 1267 890 1322 planetarum
953 1265 1255 1321 primariorum
1309 1265 1580 1306 transiturum
1622 1266 1764 1319 fuine,
1806 1267 1892 1309 hoc

405 1335 534 1390 igitur
587 1332 720 1375 modo
772 1333 940 1374 tandem
997 1331 1047 1372 ad
1102 1340 1263 1371 tautam
1321 1329 1554 1371 distantiam
1610 1343 1633 1369 a
1668 1338 1778 1373 terra
1832 1343 1898 1371 re·

409 1398 677 1451 monebitur,
732 1407 779 1437 vt
816 1410 864 1438 ea
917 1409 1003 1437 non
1054 1396 1234 1449 amplius
1289 1394 1473 1448 respee‘tu
1525 1394 1744 1436 distantiae
1782 1391 1894 1438 Solis

407 1475 605 1519 tanquam
650 1462 816 1504 infinite
868 1475 997 1517 parua
1047 1461 1219 1516 spectari
1270 1471 1421 1513 queat,
1473 1459 1584 1501 vnde
1638 1460 1768 1501 etiam
1805 1460 1894 1503 eius

409 1530 600 1572 distantia
635 1543 657 1571 a
693 1527 792 1569 Sole
843 1539 968 1581 quam
1025 1527 1240 1581 posuimus
1289 1528 1516 1574 :11:(1
1545 1522 1893 1584 —2vcosl277)

410 1609 497 1638 non
551 1593 733 1650 amplius
784 1606 859 1647 per
905 1591 1132 1633 formulam
1191 1590 1519 1649 1—4-e·cos.77‚
1573 1591 1759 1644 exprimi
1812 1604 1891 1646 po·

410 1663 531 1709 terit,
586 1660 651 1701 sed
707 1658 755 1699 ad
811 1658 945 1712 plures
999 1656 1205 1698 terminos
1241 1657 1437 1709 progredi
1474 1655 1706 1710 oportebit.
1771 1655 1892 1712 Quin

412 1728 539 1768 etiam
593 1723 686 1765 fieri
740 1726 925 1777 poterit,
979 1733 1027 1762 vt
1065 1720 1146 1762 hoc
1182 1732 1334 1774 corpus
1370 1721 1420 1761 ad
1459 1731 1618 1762 tantam
1656 1721 1892 1764 distantiam

412 1805 435 1832 a
470 1789 608 1830 Terra
645 1788 834 1835 recedat,
890 1797 937 1827 vt
972 1786 1044 1827 ista
1080 1785 1262 1826 formula
1300 1799 1383 1826 uon
1421 1786 1601 1842 amplius
1637 1798 1714 1841 per
1743 1786 1893 1828 scriem

412 1864 742 1908 conuergcntem
797 1852 992 1893 exhiberi
1045 1861 1197 1905 queat,
1248 1850 1386 1905 sicque
1441 1852 1597 1893 necesse
1646 1853 1727 1892 erit
1762 1851 1893 1907 ipsam

410 1921 594 1963 litteram
631 1933 659 1959 ω
695 1919 735 1958 in
774 1917 938 1958 calculo
985 1919 1196 1968 retinere,
1234 1915 1272 1956 id
1310 1917 1420 1969 quod
1457 1916 1623 1970 semper
1658 1916 1896 1971 continget,

408 1985 580 2040 quando
631 1996 786 2037 corpus
842 1993 1008 2023 motum
1072 1984 1189 2023 suum
1251 1992 1368 2022 extra
1430 1981 1646 2036 sphaeram
1699 1981 1894 2023 lunarem

412 2051 603 2092 absoluit.
675 2048 1055 2105 Quemadmodum
1093 2047 1219 2101 igitur
1255 2046 1318 2087 his
1356 2047 1513 2088 casibus
1551 2056 1718 2088 motum
1752 2048 1898 2103 prose·

407 2117 480 2172 qui
516 2117 773 2167 conueniat,
811 2115 854 2157 in
893 2111 1079 2171 sequenti
1113 2112 1375 2170 problemate
1411 2113 1654 2156 doceamus-

1721 2319 1894 2366 Proble-
