2020 2748
823 235 940 289 »ἓξὲξ
1005 231 1168 292 )58(
1233 233 1351 288 &ir-3⁴·

350 356 420 392 tur
455 361 539 393 non
576 349 776 404 respicio;
824 361 921 390 curn
977 347 1082 390 mihi
1133 347 1272 404 potius
1318 346 1581 403 propositum
1616 349 1664 391 fit
1697 347 1823 407 quasss

350 417 446 456 dam
486 418 761 469 proprietates
812 413 1075 456 admirabiles
1127 425 1490 463 commemorare,
1543 413 1692 467 quibus
1742 429 1819 458 nu-

350 481 457 521 meri
512 479 806 534 pentagonalcs
861 492 958 534 prae
1009 479 1207 520 omnibus
1269 479 1439 531 reliquis
1503 479 1826 533 polygonalibus

349 544 442 585 sunt
476 546 666 598 praediti.
737 544 878 599 Atque
911 545 979 585 hic
1017 547 1201 586 occurrit
1255 543 1324 585 iila
1358 542 1525 596 insignis
1561 543 1717 584 horum
1753 557 1829 586 nu-

350 621 568 650 merorum
623 612 879 664 proprietas,
933 623 1011 663 qua
1065 611 1144 650 iam
1192 609 1295 650 olim
1348 608 1530 657 ostendi,
1583 608 1700 649 istam
1753 621 1831 650 nu-

349 686 567 715 merorum
607 675 950 728 pentagonalium
989 675 1132 716 seriem
1171 685 1256 715 tam
1293 674 1403 714 ,πᾶα
1443 685 1542 714 cum
1580 674 1830 726 progressio-

349 750 425 786 ne,
461 751 589 790 quam
629 738 814 780 summae
848 737 1074 780 diuisorum
1129 750 1401 780 numerorum
1440 738 1684 779 naturalium
1728 751 1833 780 con·

349 802 548 850 stituunt,
598 802 676 843 effe
730 813 996 850 connexam,
1047 811 1094 841 vt
1132 803 1217 842 eius
1253 813 1333 853 ope
1371 800 1475 840 adeo
1512 801 1583 841 lex
1622 800 1733 842 istius
1770 804 1831 845 se-

348 866 423 907 riei
465 867 653 907 maxime
701 866 942 921 irregularis
996 865 1184 920 assignari
1221 863 1369 921 poffit,
1421 865 1462 906 id
1499 864 1614 920 quod
1648 863 1853 909 breuiter*

346 941 537 986 repetere
574 943 726 985 operae
763 934 948 985 pretium
988 931 1089 972 erit.

538 1046 572 1095 §.
610 1058 653 1095 4.
740 1043 868 1098 Quod
905 1044 930 1085 fi
968 1043 1145 1098 quilibet
1197 1056 1393 1086 numerus
1428 1042 1472 1085 N
1507 1057 1604 1086 cum
1655 1045 1732 1085 suis
1769 1044 1833 1087 di-

349 1107 556 1149 risoribus
609 1111 650 1150 in
699 1122 827 1151 vuam
883 1109 1091 1150 summam
1151 1110 1395 1162 colligatur,
1447 1121 1572 1162 quam
1627 1108 1832 1152 summam

352 1171 436 1213 hoc
473 1173 725 1215 charactere:
754 1173 835 1226 JN
875 1175 1132 1222 indicemus,
1169 1187 1221 1215 ex
1260 1175 1447 1214 numeris
1485 1174 1740 1215 naturalibus
1778 1176 1839 1217 se·

356 1249 490 1290 quens
529 1239 721 1280 nascetur
758 1239 884 1280 series
919 1240 1062 1292 primo
1098 1240 1249 1279 intuitu
1287 1242 1477 1279 maxime
1510 1240 1770 1292 irregularis:

581 1316 621 1357 N
685 1327 1088 1365 1‚2‚3,4‚5,
1159 1318 1304 1362 6‚7‚
1380 1320 1430 1358 8,
1500 1328 1553 1363 9,
1593 1327 1767 1366 10,11

507 1388 636 1468 π
687 1426 734 1462 ¹,
773 1425 824 1464 32
858 1427 911 1464 42
950 1425 1004 1463 7,
1042 1414 1096 1462 ⁶⁷
1136 1424 1216 1460 ¹2,
1256 1418 1305 1461 8,
1346 1421 1428 1458 15,
1470 1421 1551 1460 13,
1597 1419 1677 1462 18,
1717 1424 1773 1450 12

357 1499 429 1541 vbi
485 1499 651 1540 termini
706 1510 791 1539 tam
853 1496 1094 1538 inordinate
1150 1494 1497 1547 progrediuntur,
1548 1495 1650 1538 dum
1707 1497 1840 1538 modo

358 1566 547 1606 crcicunt
595 1563 723 1601 modo
769 1559 1034 1605 decrescunt.
1088 1569 1133 1598 vt
1172 1558 1245 1598 vix
1298 1559 1519 1612 quisquam
1574 1572 1721 1600 corum
1780 1561 1841 1602 le-

359 1641 456 1684 gem
486 1627 676 1680 deteget,
711 1623 1051 1678 quandoquidem
1077 1623 1148 1663 ista
1179 1623 1297 1663 series
1332 1624 1526 1665 ordinem
1559 1637 1836 1667 numerorum

362 1695 603 1748 primorum
643 1690 862 1732 manifesto
898 1691 939 1730 in
978 1688 1015 1729 se
1052 1687 1250 1730 inuoluit.

559 1803 592 1853 ς.
634 1814 670 1852 ς.
739 1801 916 1843 Interim
956 1811 1095 1842 tamen
1133 1800 1442 1849 demonstr-mi,
1492 1802 1607 1844 istam
1646 1817 1838 1861 progres-

366 1867 552 1918 sionem,
603 1870 870 1920 quantumuis
908 1868 1204 1921 irregularem,
1243 1868 1295 1907 ad
1341 1867 1502 1908 classem
1542 1869 1736 1911 ferierum
1774 1885 1839 1913 re-

367 1933 626 1974 currentium
663 1933 742 1973 effe
781 1932 1063 1978 referendam,
1114 1942 1154 1971 et
1193 1931 1371 1984 singulos
1408 1933 1494 1973 cius
1539 1935 1739 1976 terminos
1776 1935 1837 1978 se-

369 1999 553 2039 eundum
585 2008 746 2038 certam
779 1997 913 2051 legem
949 2009 1002 2037 ex
1034 1997 1369 2051 praecedentibus
1405 1998 1670 2039 determinari
1709 2002 1837 2054 posse.

369 2061 498 2117 Quod
536 2062 560 2102 si
598 2063 709 2103 enim
739 2061 823 2115 sN
872 2063 1046 2102 denotet
1101 2062 1307 2103 summam
1362 2064 1554 2104 omnium
1607 2065 1837 2108 diuisurum

370 2126 495 2168 huius
533 2128 694 2168 numeri
733 2125 790 2174 N,
827 2127 914 2182 ipso
951 2139 1034 2167 non
1070 2138 1264 2180 excepto,
1303 2127 1443 2168 iuueni
1486 2131 1648 2182 {emper
1684 2130 1772 2170 sore

476 2199 1841 2262 sNzs(N—¹)÷s(N—2i-s(N—s)—s(N—7)÷s(N-12)

622 2275 810 2333 ÷J<N-
832 2273 1570 2332 xsi-stN—22>--s<N—2⁶>÷
1603 2289 1681 2320 etc.
1771 2341 1843 2385 vbi
