2020 2748
819 209 938 261 „5233
1002 206 1200 270 )262(
1267 214 1382 266 5313.-

369 324 475 366 saaesta
520 323 767 366 euolutione
803 334 847 366 et
893 324 1092 380 neglectis
1128 325 1320 369 terminis
1356 327 1560 381 minimis,
1596 332 1763 386 prorsus
1798 343 1846 378 vt

371 401 466 431 ante
503 389 691 444 prodibit
724 393 837 434 0¹:
861 392 968 455 ‚Em
991 424 1000 433 .
1037 392 1095 434 Hi
1135 402 1277 434 autem
1315 394 1481 436 valores
1527 399 1727 451 proxime
1758 412 1849 443 tan·

370 473 461 504 tum
500 461 594 501 sunt
627 463 734 511 veri,
795 475 837 505 et
872 465 1042 520 aliquod
1077 463 1300 508 discrimen
1338 466 1551 520 prodiret,
1585 468 1611 509 fi
1649 474 1847 526 approxi-

372 526 608 568 mationem
644 526 820 570 vlterius
858 531 1056 586 prosequi
1091 530 1329 579 vellemus,
1364 533 1477 584 quod
1512 543 1655 576 autem
1692 549 1847 591 operae

372 592 563 648 pretium
601 603 686 632 non
720 595 903 649 videtur,
939 608 1037 638 cum
1074 594 1250 637 sufficiat
1285 595 1407 638 istum
1445 598 1636 642 valorem
1671 602 1797 659 ipsius
1822 616 1850 646 a

364 657 564 715 proxime
599 655 724 700 nosse.

874 777 1157 840 Euolutio
1203 779 1376 858 casus,

368 896 473 958 quo
521 884 667 938 Luna
714 897 860 938 motu
895 883 1134 938 vniformi
1181 886 1231 935 in
1279 887 1464 940 circulo
1502 886 1627 938 circa
1673 893 1854 936 terram

441 968 445 971 ·
923 951 1119 1002 reuolui
1153 950 1311 1015 poslit.

562 1043 599 1092 §.
642 1055 712 1093 14.
779 1042 869 1084 lam
906 1042 1181 1090 ostendimus,
1236 1042 1318 1083 hoc
1358 1042 1448 1084 ficri
1495 1055 1579 1083 non
1616 1044 1742 1097 posse,
1778 1040 1853 1082 nisi

372 1105 548 1162 angulus
600 1102 1094 1165 STL-:qsch-43
1149 1106 1275 1147 fucrit
1328 1106 1397 1146 vel
1450 1107 1585 1148 nullus
1640 1107 1706 1148 vel
1766 1113 1853 1147 180

371 1170 597 1226 graduum.
664 1170 808 1211 Priore
845 1172 976 1223 igitur
1011 1172 1103 1211 casu
1141 1170 1259 1211 Luna
1294 1182 1506 1225 perpetuo
1538 1171 1628 1212 Soli
1667 1178 1857 1213 maneret

371 1233 614 1282 coniuncta,
646 1232 714 1274 seu
751 1233 795 1273 in
831 1241 1038 1287 perpetua
1074 1232 1372 1272 coniunctione
1408 1245 1508 1272 curn
1544 1233 1642 1274 Sole
1667 1246 1861 1276 cernere·

372 1307 466 1351 tur3
497 1297 722 1353 posteriori
757 1309 861 1339 vero
898 1297 992 1338 casu
1031 1304 1237 1350 perpetuo
1274 1294 1316 1334 in
1353 1293 1617 1348 oppositione
1635 1294 1746 1338 Solis
1765 1309 1862 1337 ver-

373 1362 544 1413 saretur,
591 1362 774 1417 ideoque
806 1362 933 1418 pleno
970 1360 1131 1402 lumine
1164 1359 1334 1401 luceret.
1389 1357 1591 1414 Vtroque
1629 1373 1733 1416 ergo
1767 1361 1862 1402 casu

376 1430 471 1472 talis
519 1429 642 1471 Luna
683 1427 975 1470 reuolutiones
1012 1426 1099 1467 suas
1136 1424 1305 1478 singulis
1342 1425 1460 1465 annis
1498 1425 1764 1480 absolueret,
1819 1435 1864 1467 et

379 1503 549 1553 tempus
584 1494 844 1538 menstruum
880 1490 1027 1535 exaste
1051 1503 1149 1533 cum
1170 1489 1391 1531 duratione
1414 1490 1512 1531 anni
1533 1491 1798 1533 conueniret.

573 1627 611 1679 §-
653 1635 721 1679 15.
785 1621 958 1667 Deinde
993 1621 1125 1664 etiam
1160 1620 1356 1672 vidimus,
1379 1619 1616 1663 distantiam
1654 1621 1746 1664 talis
1782 1619 1870 1664 Lu·

384 1734 465 1765 nae
500 1737 525 1764 a
564 1733 676 1764 terra
713 1722 790 1763 esse
828 1701 1052 1772 0:172·-
1109 1717 1221 1761 Cum
1261 1719 1386 1773 igitur
1421 1717 1471 1760 fit
1504 1731 1596 1761 m:
1618 1722 1754 1770 ‘ra'xw
1789 1717 1869 1760 erit

386 1791 573 1839 0:130,
608 1787 692 1828 fine
727 1787 831 1827 haec
865 1786 1056 1826 distantia
1092 1785 1332 1839 aequabitur
1369 1784 1619 1826 centesimae
1655 1795 1766 1837 parti
1803 1783 1868 1825 di-

388 1853 565 1895 stantiae
600 1851 710 1893 Solis
748 1864 770 1891 a
804 1850 958 1893 Terra.
1025 1848 1168 1905 Quare
1208 1863 1299 1891 cum
1337 1850 1528 1890 distantia
1564 1851 1705 1892 media
1741 1859 1868 1890 verae

388 1916 534 1961 Lunae
572 1931 596 1958 a
627 1918 760 1958 Terra
810 1915 858 1958 fit
911 1915 1020 1970 quas·
1059 1917 1104 1970 §a
1151 1914 1363 1957 distantiae
1415 1913 1557 1964 Solis,
1609 1915 1701 1956 talis
1748 1915 1870 1955 Luna

394 1982 633 2037 quadruplo
669 1980 835 2036 longius
871 1995 893 2021 a
930 1991 1042 2023 terra
1078 1979 1245 2022 distaret
1281 1993 1407 2034 quam
1447 1993 1548 2022 vcra
1585 1981 1714 2028 Luna,
1751 1979 1872 2020 idco-

392 2060 479 2102 que
535 2048 576 2087 in
632 2046 950 2088 semidiametris
1007 2058 1141 2088 terrae
1194 2047 1279 2087 cius
1329 2045 1522 2086 distantia
1556 2045 1667 2087 foret
1702 2045 1871 2086 circiter

397 2125 491 2164 240
528 2113 944 2154 semidiametrorum
983 2110 1251 2154 terrestrium.
1290 2109 1416 2152 Vnde
1439 2120 1571 2165 patet,
1611 2120 1871 2164 quantopere

399 2187 571 2231 tempus
624 2179 886 2233 periodicum
940 2177 1031 2219 talis
1077 2177 1218 2219 Lunae
1254 2191 1275 2217 a
1309 2176 1451 2232 regula
1484 2175 1644 2232 Kepleri
1677 2177 1774 2218 cffet
1809 2174 1872 2216 di·

397 2242 705 2298 screpaturum,
741 2242 945 2300 quoniam
982 2243 1205 2287 secundum
1241 2242 1349 2286 hanc
1386 2242 1576 2300 regulam
1615 2253 1780 2299 tempus
1800 2253 1875 2295 pe·

1790 2316 1876 2347 rio-
