2020 2748
821 246 936 297 »3³13
999 241 1015 296 )
1056 243 1200 301 204(
1263 243 1375 295 212⁴&-

568 353 877 400 Extremitates
912 367 1050 399 autem
1088 358 1145 398 ita
1178 356 1398 411 dispositae
1431 357 1524 397 sunt
1561 362 1603 395 vt
1626 355 1743 399 facile
1779 367 1853 398 na-

376 418 531 464 turales
585 433 609 460 a
656 422 1081 475 praeternaturalibus
1116 433 1157 464 et
1193 423 1424 463 accessoriis
1470 422 1683 474 dignocas.
1749 418 1851 462 Illae

374 487 490 529 enim
527 496 614 525 non
650 485 782 526 modo
820 489 996 528 maiores
1036 487 1102 529 sed
1139 488 1271 529 solitis
1309 487 1411 529 locis
1440 485 1537 527 sitae
1559 497 1728 539 quoque
1752 484 1854 527 sunt.

371 550 482 593 Alae
527 548 726 590 lateribus
771 550 958 593 thoracis
994 552 1117 595 solito
1153 553 1286 594 modo
1321 551 1507 594 adsident
1529 580 1541 600 ‚
1592 560 1634 590 et
1671 549 1796 603 pedes
1831 561 1854 590 e

375 616 549 669 regione
583 612 706 654 iliaca
741 615 937 669 vti-inque
972 617 1261 671 egrediuntur.
1347 614 1733 659 Praeternaturales
1782 625 1856 654 au-

373 690 459 721 tem
497 676 646 734 pu110,
690 676 889 719 hactenus
925 682 1037 723 recte
1072 681 1289 730 formato,
1322 682 1485 723 additae
1507 711 1519 730 ,
1568 681 1609 721 in
1647 681 1734 720 ima
1770 678 1858 719 eius

374 745 550 799 regione
585 741 790 792 lumbari,
825 743 894 784 vel
930 747 1071 798 potius
1107 747 1149 785 in
1192 746 1275 799 ipsa
1311 746 1404 787 sede
1438 746 1529 788 offis
1566 746 1688 793 sacri,
1725 742 1861 785 collo·

373 821 489 850 carae
525 807 736 857 existunt;
784 820 831 848 ea
867 810 1038 862 quidem
1077 810 1245 851 ratione
1267 841 1279 863 ,
1314 821 1361 852 vt
1395 811 1523 866 pedes
1557 809 1743 866 superius
1779 807 1858 849 fint

373 873 549 932 positae,
583 871 672 914 alae
708 872 892 915 inferius.

567 986 615 1027 ln
655 999 703 1026 ea
748 987 950 1026 nimirum
997 988 1202 1040 regione,
1255 1001 1378 1040 quarn
1417 1001 1463 1029 os
1500 989 1656 1030 sacrum
1694 987 1736 1028 in
1773 987 1858 1027 ani-

374 1049 557 1093 malibus
595 1061 806 1103 occupat,
844 1052 930 1090 duo
965 1050 1127 1090 femora
1169 1062 1404 1104 apparent,
1449 1053 1505 1092 ita
1539 1052 1741 1092 collocata
1764 1079 1775 1097 ,
1809 1060 1857 1089 vt

373 1116 583 1157 radicibus
620 1114 699 1155 suis
736 1115 786 1155 ad
825 1113 984 1168 spinam
1021 1115 1223 1155 dorsalem
1263 1117 1533 1164 conueniant,
1570 1114 1855 1155 extremitati-

374 1179 450 1219 bus
488 1190 643 1227 autem,
677 1190 813 1230 genua
849 1178 1152 1226 referentibus,
1189 1179 1431 1220 extrorsum
1467 1180 1701 1233 diuergant.
1777 1177 1854 1219 His

374 1242 498 1283 tibiae
535 1253 632 1280 cum
671 1240 816 1288 tarfis,
871 1239 1102 1280 metatarsis
1138 1249 1180 1279 et
1215 1240 1356 1290 digitis
1394 1242 1472 1280 suis
1509 1255 1558 1282 ea
1593 1243 1755 1283 ratione
1794 1244 1856 1283 in-

374 1305 681 1352 articiilaniur,
737 1314 782 1343 vt
830 1303 956 1358 pedes
994 1302 1055 1343 isti
1095 1300 1314 1343 monstrosi
1349 1302 1505 1344 sursum
1543 1306 1856 1356 extendantur,

375 1371 585 1424 fitumquc
626 1369 830 1417 habeant,
865 1367 1040 1422 pedibus
1081 1366 1335 1408 naturalibus
1371 1377 1413 1408 et
1449 1370 1533 1410 toti
1570 1366 1688 1422 pullo
1721 1381 1861 1423 oppo-

374 1436 512 1478 fitum.
582 1433 685 1489 Quo
722 1434 912 1488 pullum,
950 1432 975 1473 fi
1018 1431 1187 1487 pedibus
1222 1431 1302 1472 illis
1340 1431 1522 1473 infisiere
1558 1432 1625 1474 vel
1662 1433 1856 1475 incedere

375 1501 523 1550 vellet,
560 1498 798 1552 inuersum,
832 1499 971 1553 capite
1006 1497 1214 1542 directum
1251 1496 1463 1548 deorsum,
1501 1497 1695 1539 incedere
1729 1510 1859 1553 opor-

375 1574 496 1608 teret.

569 1672 677 1715 Alae
713 1672 886 1728 pedibus
925 1670 998 1714 situ
1036 1668 1301 1724 respondent.
1370 1667 1574 1711 Proxime
1612 1669 1719 1712 infra
1751 1670 1857 1712 radi-

377 1753 449 1781 ces
495 1741 708 1781 semorum
761 1738 849 1778 illae
890 1737 1096 1776 radicibus
1137 1736 1211 1777 suis
1247 1735 1346 1775 loco
1380 1736 1578 1789 uropygii
1615 1735 1853 1779 adhaerent.

376 1803 481 1846 lnde
529 1804 725 1855 vtrinque
772 1801 1062 1842 extenduntur
1109 1813 1163 1839 eo
1211 1802 1369 1849 modo,
1424 1810 1470 1840 vt
1506 1800 1628 1842 cossis
1663 1800 1855 1842 deorsum

378 1866 637 1921 marginibus
675 1867 862 1920 pennatis
903 1865 1058 1906 sursum
1093 1865 1326 1921 respiciant,
1362 1867 1550 1920 adeoque
1587 1864 1661 1908 alis
1690 1876 1856 1906 natura-

378 1932 486 1973 libus
524 1931 635 1973 rcCta
669 1942 953 1986 opponantur.

569 2042 657 2085 Hac
712 2043 806 2085 firus
860 2043 1163 2085 conformitate
1211 2042 1298 2085 aiae
1344 2045 1551 2100 pedesque
1587 2045 1768 2086 omnino
1803 2044 1854 2084 ad

377 2123 511 2152 vnum
552 2109 713 2163 pullum
753 2109 958 2163 pertinere
990 2110 1203 2154 videntur,
1241 2110 1542 2157 secundarium,
1579 2109 1854 2152 ctdiuersiim

381 2190 402 2216 a
440 2175 580 2226 pullo,
616 2175 679 2215 cui
719 2173 950 2228 superfluae
986 2173 1234 2224 adhaerent,
1271 2176 1332 2215 scd
1371 2175 1681 2230 imperfectum,
1717 2182 1759 2216 et
1794 2174 1856 2215 ita

378 2253 436 2293 pi)
472 2251 585 2286 rum,
646 2238 756 2287 quasi
796 2238 934 2293 capite
972 2251 1014 2279 ct
1048 2236 1158 2280 collo
1197 2242 1301 2280 intra
1338 2254 1464 2281 anum
1502 2241 1567 2282 vel
1603 2240 1730 2295 paulo
1769 2252 1855 2279 man

378 2317 439 2358 gis
476 2303 710 2346 antrorsiini
740 2303 848 2344 iutra
878 2300 1031 2360 pubem
1068 2303 1256 2359 primarii
1295 2307 1397 2362 pulli
1435 2306 1724 2354 absconditus,
1776 2313 1848 2355 pe-

1810 2377 1856 2406 re
