2020 2748
851 226 972 280 ·»εοῖἐ
1036 218 1235 282 >264(
1297 218 1421 276 5³⁹2·-

581 341 615 392 ς.
658 344 727 383 18.
794 338 1174 396 Quemadmodum
1211 346 1355 381 autem
1391 345 1526 380 terrae
1561 334 1678 381 suam
1726 336 1871 395 sphaeb

393 419 486 449 ram
523 404 712 448 lunarem
751 405 1060 460 asiignauimus‚
1097 406 1157 447 ita
1191 404 1320 446 etiam
1357 403 1527 458 reliquis
1558 403 1734 459 planetis
1778 405 1870 448 suae

394 470 592 524 sphaerae
631 469 843 512 satellitiae
878 471 1071 513 constitui
1107 479 1325 526 poterunt.
1363 468 1583 512 Formulae
1599 470 1711 512 enim
1748 467 1867 522 supra

393 535 516 576 datae
550 535 598 576 ad
645 534 855 589 planetam
908 535 1055 578 Iouem
1112 535 1438 585 transferentur,
1488 535 1517 575 st
1553 535 1745 576 distantia
1782 547 1870 576 me-

393 598 465 640 dia
502 599 616 641 louis
653 613 674 639 a
710 597 812 642 Sole
849 602 1009 642 vnitate
1045 601 1295 655 designetur,
1330 601 1471 642 littera
1510 613 1670 641 verom
1700 599 1868 641 massam

393 662 507 708 Iouis
545 663 748 715 denotet,
802 678 908 719 quae
942 678 1036 708 cum
1073 665 1121 706 fit
1156 666 1324 708 circiter
1358 669 1420 718 „23
1443 695 1454 715 ,
1499 665 1638 708 radius
1675 663 1870 719 sphaerae

395 759 611 803 satellitiae
644 759 759 802 Iouis
799 762 1032 816 reperietur
1065 742 1428 816 ⁰:37³.r‘‡³÷:1'÷·
1483 763 1554 806 Ex
1574 776 1657 817 quo
1676 761 1874 815 sequitur,

396 838 674 881 quaecunque
708 838 888 881 corpora
921 827 1031 869 circa
1065 826 1214 869 Iouem
1252 829 1360 870 intra
1395 829 1502 869 hanc
1535 828 1772 869 distantiam
1811 839 1875 867 re-

398 891 665 940 uoluuntur‚
716 903 765 932 ea
807 891 919 932 inter
954 892 1042 933 eius
1080 892 1274 935 satellites
1310 895 1388 934 effe
1427 895 1721 942 numeranda,
1772 891 1874 931 dum

397 965 549 996 contra
581 955 756 1009 omnia,
808 968 913 1008 quae
948 966 1069 997 extra
1107 968 1247 998 motus
1285 958 1377 998 suos
1415 968 1650 1013 peragunt,
1688 958 1727 996 in
1766 957 1880 998 ordi-

399 1032 498 1061 nem
533 1018 795 1073 planetarum
834 1020 1130 1072 principalium
1172 1023 1299 1073 redigi
1337 1022 1528 1063 debeant.
1567 1021 1705 1062 Simili
1745 1020 1876 1059 modo

396 1083 572 1139 sphaera
625 1082 812 1123 satellitia
862 1080 1033 1124 Saturni
1087 1085 1138 1124 ad
1188 1084 1426 1126 distantiam
1466 1087 1491 1136 ‚',
1532 1085 1623 1126 suae
1658 1084 1874 1126 distantiae

399 1163 423 1191 a
458 1146 557 1190 Sole
592 1147 856 1188 extendenda
890 1148 1132 1203 reperietur.

842 1271 1086 1353 Propior
1130 1273 1432 1353 applicatio

513 1356 827 1425 superiorum
870 1353 1196 1407 formularum
1230 1357 1292 1407 ad
1324 1369 1491 1408 motus
1539 1355 1745 1408 lunares,

590 1461 624 1511 §.
675 1474 743 1518 19.
813 1459 1029 1517 Quoniam
1066 1461 1193 1514 igitur
1228 1460 1276 1501 ad
1310 1472 1441 1513 genus
1479 1459 1624 1501 lunare
1663 1461 1741 1502 alia
1788 1473 1880 1502 cor-

400 1543 506 1589 pora
550 1529 693 1570 referri
737 1540 822 1568 non
871 1526 1102 1580 conuenit,
1162 1526 1235 1567 nisi
1272 1537 1453 1578 quorum
1489 1524 1679 1566 distantia
1713 1540 1733 1566 a
1767 1536 1879 1566 terta

402 1609 489 1638 non
540 1595 710 1636 excedit
745 1603 911 1647 partem
950 1591 1216 1635 centesimam
1252 1589 1465 1630 distantiae
1501 1587 1610 1631 Solis
1648 1604 1669 1629 a
1704 1588 1843 1632 Terra
1869 1620 1878 1637 .

399 1663 445 1703 in
489 1659 684 1701 formulis
729 1659 878 1699 nostris
922 1656 1113 1698 distantia
1148 1656 1189 1697 T
1213 1657 1363 1696 sz
1413 1653 1579 1708 semper
1619 1655 1759 1695 minor
1795 1655 1880 1707 spe·

399 1726 504 1767 (tari
540 1725 702 1777 poterit
737 1735 865 1775 quam
905 1724 979 1771 ,ξω
1029 1723 1140 1762 vnde
1193 1733 1291 1762 cum
1329 1720 1399 1761 ista
1438 1719 1627 1761 distantia
1675 1720 1724 1760 iit
1760 1720 1879 1760 valde

400 1790 580 1843 exigua,
625 1787 814 1827 valorem
854 1786 1016 1826 litterae
1051 1798 1075 1826 u
1092 1801 1129 1828 z
1148 1784 1185 1825 V
1205 1786 1217 1840 (
1238 1799 1255 1825 1
1281 1808 1321 1815 —
1344 1800 1366 1825 2
1388 1797 1416 1825 v
1437 1786 1518 1826 cos.
1537 1801 1566 1842 η
1589 1790 1630 1831 -l-
1647 1797 1676 1824 v
1695 1781 1750 1840 v)
1789 1784 1879 1826 satis

401 1851 633 1897 commode
669 1863 775 1893 vero
809 1853 1009 1906 proxime
1044 1853 1282 1907 exprimere
1321 1850 1489 1904 licebit;
1525 1852 1605 1892 erit
1640 1851 1754 1891 enim

589 1962 1263 2020 „¹.:(1—2vc0s.·q-l—vv)
1290 1947 1326 2016 '3

401 2046 513 2088 vnde
549 2045 575 2086 si
613 2045 782 2086 altiores
819 2044 939 2099 ipsius
974 2055 1003 2084 v
1040 2043 1263 2098 potestates
1301 2041 1510 2098 negligere
1544 2039 1727 2082 velimus
1747 2070 1757 2089 ‚
1795 2038 1880 2082 erit

400 2115 433 2166 ,ξι
455 2127 502 2155 z.-
530 2124 547 2151 1
572 2117 616 2157 —4-
638 2123 660 2160 3
683 2123 711 2150 v
732 2109 812 2152 cos.
833 2125 885 2167 ης
927 2109 984 2150 fin
1021 2119 1161 2150 autem
1200 2110 1326 2151 etiam
1367 2107 1615 2163 potestatem
1658 2106 1880 2146 secundam

399 2191 429 2220 υ
446 2191 473 2218 v
512 2176 735 2217 admittere
772 2175 989 2224 vellemus,
1026 2173 1135 2215 soret

593 2243 694 2293 ,ἧς
722 2255 740 2283 ι
767 2248 829 2285 -l-
855 2237 1030 2288 avcos.
1054 2235 1685 2295 77—1vv—4-'vac‹ii‘.n².

399 2301 570 2346 Verum
607 2305 705 2361 quia
741 2317 769 2345 υ
809 2303 969 2359 semper
1007 2306 1144 2346 minus
1180 2306 1237 2346 cst
1276 2317 1399 2360 qnam
1447 2305 1515 2354 ,ξω
1547 2301 1624 2343 hos
1646 2297 1879 2355 postremos

1799 2370 1884 2401 ter-
