2020 2748
880 229 996 280 *⁵803ss
1061 228 1198 288 )25*
1265 215 1385 267 ἔξω

578 332 612 380 ς,
654 344 692 373 2,
761 334 906 379 Musto
942 345 1079 387 mal-01.
1113 340 1165 389 v)
1202 324 1462 368 incertitudo
1497 325 1596 367 esset
1634 335 1824 368 metuen-

384 389 453 439 da,
490 391 516 431 si
551 393 652 437 luna
702 400 750 440 ad
790 405 926 446 multo
980 405 1140 454 manu-1
1196 392 1432 433 distantiam
1468 407 1492 433 a
1531 402 1640 432 terra
1693 392 1825 432 fuisset

387 466 578 510 remota,
634 464 791 518 quippe
829 482 915 521 quo
949 474 1034 515 casu
1071 471 1178 515 anes
1233 456 1515 499 corrcstiones
1573 467 1684 496 nunc
1737 456 1831 505 qui-

388 520 483 561 dem
521 522 710 581 adhiberi
765 532 910 575 solitae
952 540 1069 581 nulli-¹
1117 523 1298 578 amplius
1338 523 1477 564 locum
1516 521 1708 564 inuenire
1742 517 1835 573 pos·

390 585 501 634 sent,
537 601 761 644 propterea
796 585 908 644 ouod
945 590 1131 647 lioecasu
1186 600 1291 631 mox
1346 589 1557 630 incertum
1596 588 1693 628 effet
1727 582 1840 626 futir-

389 662 509 701 rum‚
562 664 708 698 verum
755 662 880 704 talem
918 666 1046 709 Lunn
1085 654 1135 693 ad
1169 654 1364 696 ordinem
1421 653 1640 695 satellitum
1698 651 1839 704 potius

389 715 537 756 referri
568 725 818 774 conueniat,
857 719 1039 783 quamad
1074 717 1262 771 planetas
1299 721 1548 772 primarios,
1587 717 1723 769 sicque
1760 715 1842 756 hoc

389 780 482 821 casu
519 786 664 829 omnia
715 790 906 845 subsidia,
959 782 1076 835 A:ibus
1111 780 1362 822 Astrononii
1397 784 1596 824 haetenus
1633 781 1691 822 vsi
1729 781 1843 827 sunt,

387 847 509 887 omni
563 850 634 891 vsu
689 855 816 897 essent
869 859 1041 902 carum,
1108 857 1150 888 et
1200 859 1276 887 nos
1331 846 1466 888 adhuc
1519 849 1561 888 in
1615 845 1850 887 crassissima

388 909 659 964 ignoratione
719 921 811 962 talis
875 923 987 964 meus
1050 911 1329 952 versaremur.
1425 911 1497 954 Ex
1548 924 1634 966 quo
1688 909 1851 951 abunde

388 975 624 1030 intelligere
658 981 780 1033 licet,
820 989 976 1028 notram
1016 976 1226 1016 theoriam
1266 986 1462 1017 motuum
1500 975 1743 1017 coelestium
1780 974 1856 1015 ad·

386 1038 471 1081 huc
511 1045 706 1086 maximo
739 1049 881 1090 desem
919 1038 1129 1087 laborare,
1166 1049 1231 1085 et,
1271 1040 1343 1079 nisi
1380 1041 1554 1092 iniignia
1592 1043 1853 1079 incrementa

388 1104 432 1144 in
454 1103 627 1159 Analysi
663 1111 909 1168 detegatur,
944 1102 1167 1144 meliorem
1206 1103 1429 1145 successum
1463 1104 1578 1146 nullo
1609 1102 1739 1144 modo
1767 1102 1855 1157 spe-

380 1169 464 1211 rari
498 1172 626 1223 posse.

578 1299 612 1350 ς.
653 1311 688 1351 3,
746 1289 826 1334 His
862 1289 989 1346 igitur
1044 1289 1218 1332 summis
1273 1286 1594 1331 difficultatibus
1648 1287 1859 1343 perpensis

388 1358 506 1404 nulla
540 1363 622 1405 alja
656 1360 713 1400 ria
745 1367 883 1412 patere
920 1357 1111 1405 videtur,
1166 1355 1274 1396 hanc
1312 1354 1526 1397 scientiam
1566 1353 1615 1394 ad
1654 1354 1862 1394 maiorem

386 1423 654 1482 perfectiorum
709 1424 885 1479 gradum
941 1421 1174 1471 menendi,
1226 1420 1297 1461 nisi
1335 1431 1378 1460 vt
1422 1419 1561 1473 plures
1617 1417 1863 1460 huiusmodi

384 1501 530 1534 motus
557 1491 671 1533 orrni
707 1489 843 1530 studio
879 1489 1215 1543 perpendantur,
1253 1495 1380 1538 atquc
1417 1484 1514 1524 tales
1552 1484 1666 1525 casus
1702 1483 1864 1537 fingan-

384 1565 478 1606 tur,
531 1557 602 1611 qui
638 1555 842 1597 continuo
894 1553 1067 1608 propius
1103 1551 1152 1592 ad
1185 1549 1395 1592 eiusmodi
1450 1559 1590 1589 motus
1637 1548 1757 1589 nobis
1795 1548 1866 1588 ad-

383 1618 470 1663 huc
508 1622 671 1676 penitus
707 1618 969 1660 absconditos
1006 1616 1217 1657 accedant.
1301 1613 1424 1655 Hunc
1460 1615 1500 1655 in
1538 1612 1668 1654 finem
1717 1613 1867 1667 vtique

382 1698 403 1723 n
443 1686 601 1725 cas-bne
636 1678 958 1732 simplicioribus
1010 1677 1201 1718 inchoari
1254 1679 1504 1728 conueniet,
1555 1680 1655 1721 dum
1710 1678 1865 1719 scilicet

386 1741 540 1783 omncs
594 1741 961 1791 circumstantiae,
1012 1742 1163 1795 quibus
1199 1742 1467 1786 difficultates
1507 1744 1868 1800 multiplicantur,

391 1808 599 1858 quantum
654 1803 745 1846 fieri
798 1805 957 1861 potest,
1012 1818 1326 1850 remoueantur.
1409 1808 1788 1865 Quemadmodum
1825 1820 1870 1849 e-

393 1870 484 1910 nim
522 1869 565 1909 in
598 1867 866 1921 Geometria,
903 1880 998 1912 ante
1034 1883 1160 1926 quam
1208 1874 1466 1927 problemata
1500 1873 1751 1915 difficillima
1788 1871 1870 1913 sol·

383 1934 532 1976 'venda
568 1933 866 1989 suscipiuntur,
904 1936 1022 1989 plura
1057 1937 1137 1978 alia
1172 1937 1423 1992 simpliciora
1459 1941 1674 1994 praemitti
1713 1937 1869 1987 solent,

393 2011 502 2054 quac
536 2001 740 2042 continuo
777 2002 948 2055 propius
985 2001 1032 2042 ad
1069 2002 1136 2043 illa
1174 2006 1429 2056 perducant,
1467 2007 1524 2047 ita
1559 2006 1688 2046 etiam
1724 2004 1766 2044 in
1786 2001 1872 2044 As-

383 2065 614 2108 ‘tronomia
648 2065 772 2108 simili
809 2066 1013 2108 methodo
1050 2066 1202 2109 versari
1237 2071 1474 2112 conueniet.

588 2194 622 2244 §-
658 2207 702 2245 4.
777 2192 842 2235 Vt
879 2194 1006 2249 igitur
1040 2194 1082 2236 in
1119 2208 1264 2238 omncs
1290 2205 1466 2244 motus,
1505 2195 1590 2249 -qui
1626 2195 1669 2237 in
1705 2194 1873 2237 Lunam

398 2257 548 2303 cadere
590 2260 786 2313 potsunt,
839 2260 1022 2303 feliciori
1059 2263 1233 2304 successu
1270 2264 1556 2320 inquiramus,
1609 2261 1752 2317 primo
1787 2259 1874 2300 Lu-

1775 2333 1875 2363 nam
