2020 2748
548 210 661 262 ”22²3ss
727 204 925 267 )283(
986 204 1099 259 ἓὲἒυ·

97 324 345 368 reuolnitnr.
411 320 479 364 Ad
516 322 598 364 hoc
636 333 774 365 antem
812 332 925 364 tanta
957 323 1215 364 incrementa
1249 317 1552 367 desiderantur,

96 391 232 444 qualia
263 390 338 429 vix
367 388 512 437 adhuc,
549 389 615 428 vel
651 401 702 429 ne
737 391 811 429 vix
848 389 1031 442 quidem,
1067 384 1221 439 sperari
1257 385 1370 438 posse
1404 384 1553 423 viden-

99 466 179 498 tur.
261 453 433 494 Interim
486 462 620 494 tamen
678 453 830 495 nullum
868 453 921 493 cst
958 451 1156 499 dubium,
1208 450 1236 490 fi
1274 449 1362 490 talis
1415 458 1555 488 motus

98 518 514 560 1·eue1·ai11m11ndo
565 518 781 565 existeret,
834 529 958 568 quem
997 528 1070 570 per
1121 515 1292 568 longum
1347 512 1556 566 temporis

101 583 277 636 spatium
317 581 434 622 nobis
471 580 685 622 obseruare
720 581 918 636 licuisset,
956 583 1056 634 quin
1093 578 1339 620 Astronomi
1375 578 1417 617 in
1453 577 1558 617 eius-

103 647 220 687 modi
256 644 430 687 artificia
464 645 720 693 incidissent,
756 644 902 697 quibus
940 658 1046 686 veto
1083 644 1223 685 saltem
1260 643 1457 698 proxime
1493 650 1558 681 ta-

100 711 182 752 lem
222 720 384 750 motum
423 710 470 750 ad
507 719 663 750 certam
717 711 854 762 legem
894 711 1209 762 quodammodo
1254 720 1448 748 reuocare
1484 718 1561 759 po-

103 775 279 815 tuissent.
346 773 467 814 Hanc
502 774 554 813 ob
591 786 678 814 rem
718 773 745 813 fi
784 775 874 813 satis
909 773 1078 827 longam
1123 773 1263 812 seriem
1302 772 1447 812 talium
1484 770 1560 810 ob-

103 839 413 885 seruationum,
450 838 590 891 quales
621 838 825 878 eiusmodi
849 850 1001 891 corpus
1039 837 1339 889 suppeditaret,
1375 834 1430 874 ob
1465 847 1564 875 ocu-

103 903 165 944 los
201 914 413 956 exponere
449 902 681 955 possemus,
717 914 861 941 earum
899 901 1203 952 contemplatio
1230 902 1302 939 vsu
1331 908 1440 939 certe
1476 910 1560 938 non

105 967 202 1007 esset
237 966 441 1013 caritura,
477 976 607 1016 eaque
641 963 803 1002 fortasse
847 964 1087 1002 tutissimam
1121 962 1234 1001 viam
1272 961 1391 1000 nobis
1429 960 1563 1012 aperi-

101 1040 165 1070 ret
199 1031 246 1069 ad
282 1028 519 1079 pleniorem
571 1026 856 1079 cognitionem
894 1024 1135 1067 huiusmodi
1181 1034 1373 1066 motuum
1410 1036 1562 1078 appro-

93 1091 335 1148 pinquandi.

288 1221 325 1269 ς.
362 1224 404 1263 6.
485 1219 743 1272 Quanquam
798 1227 936 1260 autem
973 1220 1050 1260 vix
1084 1219 1166 1262 vlla
1211 1220 1298 1275 spess
1350 1220 1567 1274 superest,

106 1283 375 1337 aequationes
430 1282 679 1332 analyticas,
733 1281 881 1335 quibus
934 1281 1027 1323 tales
1080 1294 1220 1325 motus
1270 1287 1563 1334 continentur,

111 1346 294 1402 perfecie
349 1343 598 1386 resoluendi:
650 1355 788 1386 tamen
824 1346 909 1387 iam
942 1347 1103 1400 pridem
1142 1350 1349 1390 eiusmodi
1397 1349 1567 1391 metho-

110 1413 209 1452 dum
246 1409 468 1464 proposui,
505 1411 620 1450 cuius
654 1409 860 1451 beneficio
895 1410 1135 1453 huiusmodi
1174 1423 1309 1454 motus
1347 1423 1568 1467 quantum·-

111 1476 175 1517 τίς
211 1473 450 1528 irregulares
485 1475 595 1527 quasi
628 1474 827 1527 gradatim
865 1474 922 1515 ita
956 1475 1149 1530 prosequi
1185 1477 1304 1527 licet,
1339 1487 1385 1517 vt
1418 1478 1444 1518 fi
1476 1489 1572 1517 mo-

113 1540 168 1580 do
203 1552 282 1594 pro
317 1548 432 1579 certo
469 1538 647 1592 quodam
701 1547 896 1592 tempore
934 1540 1023 1580 talis
1060 1542 1248 1595 corporis
1293 1552 1378 1582 tam
1427 1541 1569 1583 locum

112 1616 237 1658 quam
276 1601 450 1644 motum'
480 1602 745 1653 nouerimus,
799 1603 894 1644 inde
931 1604 979 1645 ad
1017 1607 1184 1657 quaeuis
1224 1615 1466 1659 temporum
1503 1607 1567 1645 in-

115 1667 290 1709 terualla
343 1667 550 1719 sequentia
601 1679 722 1708 verus
774 1667 891 1709 locus
945 1668 1035 1709 satis
1089 1671 1233 1711 exafie
1295 1669 1571 1711 determinari

115 1741 254 1786 queat.
322 1731 435 1771 Haec
472 1731 595 1785 igitur
630 1731 852 1774 methodus
890 1732 1009 1774 nobis
1045 1734 1163 1776 istum
1202 1736 1410 1775 eximium
1448 1734 1568 1775 vsnm

116 1797 319 1851 praestare
358 1796 511 1849 potest,
562 1805 607 1836 vt
641 1795 668 1836 fi
705 1797 794 1838 talis
829 1806 970 1839 motus
1017 1800 1236 1850 existeret,
1289 1799 1569 1853 longissimam

118 1861 264 1902 seriem
302 1859 634 1901 obseruationum
668 1861 869 1903 exhibere
904 1863 1141 1912 valeamus,
1187 1864 1336 1918 quibus
1372 1877 1445 1917 per
1479 1863 1573 1903 lon-

115 1937 216 1979 gum
254 1923 454 1977 temporis
490 1924 659 1979 spatium
696 1939 793 1968 vera
843 1927 935 1967 loca
991 1927 1081 1968 talis
1134 1930 1326 1982 corporis
1363 1930 1406 1967 in
1450 1927 1574 1967 coelo

121 1987 395 2037 definiantur,
443 2001 613 2042 quarum
650 2004 748 2045 ergo
801 1991 1103 2047 contemplatio
1137 2006 1213 2034 nos
1249 1993 1300 2033 ad
1334 1991 1571 2047 pleniorem

117 2053 402 2108 cognitionem
438 2054 709 2097 manuducere
744 2057 915 2112 poterit.

306 2181 341 2230 ξ.
378 2192 419 2232 7.
481 2179 546 2224 Vt
594 2183 718 2238 igitur
761 2184 868 2226 hanc
903 2182 1019 2223 viam
1075 2183 1264 2226 ineamus
1317 2191 1355 2225 et
1408 2181 1586 2239 impedi-

127 2254 270 2289 menta
305 2246 481 2290 minoris
514 2251 717 2293 momenti
749 2261 1069 2307 remoueamus,
1105 2248 1312 2304 fingamus
1348 2258 1500 2291 terram
1537 2247 1583 2289 in

819 2313 861 2358 N
880 2327 906 2356 n
934 2325 970 2353 *2
1454 2312 1580 2369 plano
