2020 2748
819 286 932 336 »ἓξ
996 288 1198 338 >212(
1262 285 1372 335 2⁶53<-

364 407 549 451 „prope
584 397 814 440 Ternatam
852 398 892 437 in
930 398 1058 441 insula
1099 397 1383 440 Haleniahera
1415 393 1816 452 (Philippinenfibus

362 459 631 516 „proxima)
667 462 891 516 adpulerat,
929 465 1066 504 vidiss‘e
1103 461 1467 515 Animalquodin
1490 463 1704 504 arboribus
1727 475 1819 506 ver-

360 524 584 577 ‚,sabatur,
616 537 673 567 ex
707 537 789 567 vna
820 527 864 566 in
897 527 1068 570 alteram
1107 526 1378 568 transuolans.
1462 525 1708 568 Habuerunt
1745 528 1820 569 sta·

358 589 483 639 „tim
519 602 597 643 pro
631 587 795 638 Seium,
830 590 897 631 sed
932 603 1057 646 caput
1091 594 1251 634 acutius
1286 592 1420 632 vilum
1457 591 1528 639 est,
1564 591 1822 645 similiusque

357 654 532 707 „capiti
568 651 832 706 Didelphidis
877 656 1094 697 orientalis
1136 655 1149 711 (
1169 668 1294 710 quam
1333 655 1375 695 in
1412 653 1675 697 Moluccanis
1709 655 1822 696 insu-

355 718 453 767 „lis
490 716 706 772 ¹vulgarem
743 717 820 758 effe
853 718 975 761 docet
1009 719 1173 772 Idem).
1239 718 1358 761 Villo
1392 719 1578 762 innuitur
1614 720 1727 762 fuiss'e
1762 720 1821 760 ci·

355 794 547 832 „nerem
582 782 676 824 stria
711 794 734 822 a
769 781 902 823 rostro
935 795 1014 836 per
1046 784 1215 824 dorium
1251 783 1371 825 ducta
1409 783 1539 836 nigra.
1601 782 1750 837 Neque
1778 784 1821 823 in

352 844 436 890 hoc
471 846 561 890 solo
596 847 745 888 vitiosa
778 858 801 886 e
834 847 971 888 relatis
989 847 1230 902 descriptio:
1265 845 1429 899 „pellis
1464 847 1642 888 laterum
1679 861 1702 888 a
1737 847 1822 902 pri-

353 923 571 963 „morum
615 912 768 966 pedum
817 911 958 964 digitis
1010 923 1141 965 vsque
1176 911 1226 952 ad
1262 911 1416 964 digitos
1449 911 1708 966 posticorum
1746 923 1823 954 ex-

352 978 523 1031 „panla
556 975 730 1025 dicitur;
765 1003 790 1023 ‚,
812 975 921 1014 κᾶε
953 988 1104 1025 vero„
1141 974 1227 1029 pilo
1265 975 1414 1016 vestita
1448 986 1491 1016 et
1526 975 1664 1016 subtus
1694 977 1820 1017 instat

352 1039 636 1093 „abdominis
682 1037 772 1078 alba
791 1065 816 1085 ,‚
860 1038 1118 1077 describitur.
1186 1037 1381 1091 „Quum
1430 1050 1501 1091 per
1537 1039 1706 1079 arbores
1742 1039 1821 1079 sal-

354 1105 511 1155 „tabat
547 1101 703 1142 animal
738 1101 810 1143 has
846 1101 970 1154 pelles
1006 1100 1125 1141 simul
1153 1100 1416 1141 extendebat.
1487 1100 1687 1152 Inquilini
1712 1112 1815 1142 vero

351 1197 380 1217 ‚,
398 1171 650 1209 asseruerunt
686 1164 831 1206 similia
867 1165 1060 1204 animalia
1080 1165 1133 1204 ibi
1161 1165 1274 1217 prius
1294 1177 1509 1216 nunquam
1529 1164 1769 1217 apparuisse.
1787 1164 1814 1188 ‘⁶

348 1231 387 1273 E
422 1243 508 1284 quo
541 1228 730 1269 concludi
767 1227 900 1278 poss‘et
948 1223 1300 1276 Galeopithecum
1338 1228 1556 1268 volantem
1591 1230 1814 1269 contineu-

349 1296 401 1337 tis
434 1294 602 1341 Indiae,
642 1291 866 1345 praecipue
902 1286 1273 1340 transgangeticae,
1327 1296 1453 1338 atque
1490 1287 1818 1340 Philippicarum

349 1360 573 1402 insularum
613 1355 800 1396 maxime
836 1353 1106 1405 inquilinum,
1142 1351 1270 1390 rarius
1306 1350 1348 1390 in
1385 1352 1603 1405 proximas
1636 1351 1817 1402 transire,

349 1436 391 1467 et
426 1426 467 1464 in
507 1420 795 1466 Moluccanis‚
829 1429 928 1471 quas
964 1417 1115 1470 Belgae
1152 1424 1312 1462 tenent,
1357 1416 1548 1468 ignotum
1586 1414 1671 1455 scre
1706 1415 1817 1464 ess‘e,

348 1486 704 1541 quemadmodum
749 1484 877 1524 etiam
922 1483 972 1524 ad
1005 1479 1269 1523 curiosorum
1304 1479 1350 1520 in
1383 1477 1535 1533 Belgio
1571 1478 1722 1522 Musca
1754 1492 1822 1520 ra·

349 1553 499 1594 riffimc
535 1548 751 1604 peruenire
798 1547 911 1589 solet.

536 1677 883 1731 Galeopitliecum
932 1675 1109 1725 denique
1154 1674 1342 1716 nostrum
1394 1673 1657 1727 subindigitat
1693 1668 1819 1713 Nim-

348 1740 476 1792 bofius
514 1742 917 1794 (Gedenkwaaraige
952 1738 1154 1792 hrastlian.
1192 1737 1278 1779 Zee
1313 1737 1596 1780 enLantreize
1620 1744 1661 1791 p.
1695 1737 1820 1787 283·)

346 1806 415 1846 vbi
456 1806 506 1845 de
542 1806 691 1847 Sciuro
728 1805 948 1856 petaurista
986 1815 1107 1854 agens
1144 1803 1277 1842 addit:
1330 1832 1355 1853 „
1380 1801 1483 1844 Dari
1522 1803 1694 1854 analoga
1730 1801 1816 1840 ani-

350 1900 362 1922 ,
394 1869 516 1911 maiia
555 1870 687 1922 specie
722 1868 958 1913 simiarum,
1007 1868 1131 1906 instar
1167 1866 1286 1908 liuius
1320 1867 1454 1909 Sciuri
1493 1867 1666 1921 pellibus
1703 1865 1813 1904 inter

349 1935 518 1986 „pedes
556 1933 674 1977 alata,
712 1931 858 1983 quibus
896 1935 1041 1972 dentes
1082 1943 1319 1983 vnguesquc
1355 1933 1551 1985 peracuti,
1595 1929 1705 1970 oculi
1746 1940 1817 1967 au-

349 2008 479 2048 „tcm
516 1999 646 2038 viuidi
682 1995 840 2047 ferique
875 1995 1086 2049 adspectus
1120 1995 1206 2036 lint.
1231 2003 1256 2018 ⁸*
1325 1997 1466 2037 Immo
1501 1994 1633 2036 forsan
1665 2002 1704 2032 ct
1728 1991 1810 2031 linc

346 2064 584 2103 referendus
628 2062 723 2102 effer
768 2059 886 2100 locus
943 2062 981 2100 in
1018 2058 1287 2100 Relationibus
1323 2072 1512 2114 german.
1549 2055 1813 2110 Miffionario·

347 2137 430 2168 rum
465 2125 699 2181 Halenfibus
738 2122 970 2165 Continuat.
1009 2128 1082 2164 26.
1121 2123 1200 2164 Vol.
1240 2137 1277 2172 3.
1311 2134 1350 2179 p.
1389 2137 1463 2176 74.
1509 2123 1577 2164 vbi
1615 2122 1661 2163 sit
1696 2130 1812 2160 men-

347 2190 408 2229 tio
446 2188 806 2243 vespertilionum
844 2189 1129 2241 magnitudine
1169 2200 1315 2240 paruae
1353 2189 1465 2237 felis,
1503 2201 1608 2241 quos
1645 2182 1812 2227 Miffio-

347 2252 559 2294 nariornm
600 2253 748 2306 aliquis
787 2253 895 2292 inter
930 2265 1070 2293 ramos
1106 2252 1265 2291 arbom
1304 2252 1582 2307 rliizopliorae
1618 2259 1817 2291 anteme-

345 2314 513 2358 ridianis
557 2317 673 2358 horis
718 2314 925 2368 suspensos
973 2327 1012 2357 cr
1059 2315 1109 2356 ad
1146 2315 1270 2357 solem
1308 2318 1512 2360 libilantes
1548 2315 1681 2367 vidit,
1734 2309 1803 2411 ῑῖἰΓι

1719 2386 1804 2412 ἃᾶ·
