2020 2748
330 366 337 373 '
380 368 479 407 dum

831 184 956 236 45&-
1011 184 1045 238 )‘
1073 180 1225 239 mn(
1277 181 1411 233 ἕεὲω

380 316 437 344 ra.
506 299 707 405 Ἰωσίᾳ
740 297 1089 352 finem⁴ponatnr
1143 296 1286 351 primo
1335 293 1520 360 celeritas
1556 293 1847 341 flutiiassrcun·

419 419 421 421 q
544 356 789 407 i'ret‘tionem
826 361 983 403 Va:
1007 360 1048 412 ἐς
1105 361 1161 401 2⁰.
1199 359 1246 400 fit
1281 358 1491 410 celeritas,
1527 372 1609 413 qua
1645 362 1844 414 punctum

379 416 805 484 mumultoshoeimm
828 427 954 468 axem
992 419 1038 467 G·
1066 427 1111 467 in
1145 419 1375 466 ditec'tiotfe
1411 439 1483 467 αα.
1519 430 1714 469 mouetur
1747 438 1874 479 ῑιιςι

381 496 440 543 3⁰.
473 505 577 533 vero
612 492 659 533 fit
694 505 722 533 v
758 491 972 540 celeritas.
1007 504 1089 545 qua
1127 490 1242 534 nauis
1277 499 1424 531 contra
1460 489 1623 530 cursum
1661 487 1847 539 fluminis

380 566 672 613 promouetur.
741 550 962 597 Praeterea
996 568 1101 596 vero
1138 562 1313 595 vocetur
1347 554 1483 595 radius
1520 563 1636 593 rotae
1671 548 1851 595 ca:a

379 631 424 661 et
459 621 595 661 radius
630 619 809 671 cylindri
845 618 882 661 C
905 620 1073 671 Rzr3
1108 618 1206 660 hinc
1242 630 1346 673 ergo
1381 618 1591 667 celeritas,
1627 628 1710 671 qua
1744 629 1852 671 pun·

379 690 491 731 etum
523 688 557 729 R
584 690 694 730 circa
730 701 854 730 axem
893 686 930 730 C
965 699 1154 742 gyratur,
1188 689 1269 729 erit
1303 690 1378 748 {3²23
1413 699 1541 742 quare
1579 699 1675 727 cum
1712 685 1850 742 longi-

381 769 481 811 tudo
517 769 625 810 funis
662 765 760 809 OR
799 767 876 807 hac
911 767 996 821 ipsa
1030 760 1243 806 celeritate
1293 773 1503 812 curtetur,
1554 763 1724 803 euidens
1770 763 1850 814 est,

1665 831 1714 849 GU

380 840 470 883 sore
507 839 761 882 celeritatem
799 837 915 880 nauis
948 848 978 878 v
999 835 1144 896 2:133,
1179 833 1303 884 =vnde
1325 844 1428 887 ergo
1463 830 1511 872 fit
1547 843 1572 872 u
1594 845 1647 871 z
1677 858 1734 890 Τ.

570 983 601 1031 ς.
640 992 680 1028 3.
747 978 811 1020 Vt
848 990 957 1019 nunc
1003 977 1136 1030 ipsam
1170 977 1284 1026 vim,
1336 989 1417 1030 qua
1468 989 1573 1030 aqua
1608 980 1651 1019 in
1687 976 1852 1031 palmu-

382 1049 465 1090 lam
504 1045 716 1100 impingit,
737 1044 811 1084 rite
838 1042 1184 1089 determinemus,
1220 1040 1447 1092 spectemus
1485 1040 1685 1094 punctum
1705 1054 1732 1081 a
1759 1051 1849 1081 tan·

382 1124 507 1167 quam
538 1120 730 1150 centrum
768 1107 1000 1160 palmulae,
1034 1115 1073 1146 at
1108 1103 1176 1145 bb
1213 1104 1425 1157 exprimat
1454 1102 1709 1158 superficiem
1746 1096 1850 1146 vrri·-

381 1188 512 1228 vsque
547 1172 756 1226 palmulae
785 1171 901 1210 simul
938 1171 1146 1222 impetum
1180 1181 1312 1220 aquae
1344 1168 1609 1223 excipientis.
1661 1168 1743 1209 Hic
1775 1169 1848 1209 sci·

381 1240 481 1281 licet
535 1234 674 1277 ambas
710 1232 928 1287 palmulas,
965 1242 1072 1282 quae
1112 1232 1311 1281 vtrinque
1345 1232 1435 1271 vim
1471 1231 1591 1273 fluuii
1626 1233 1848 1284 sustinent,

383 1302 560 1346 iunctim
597 1297 930 1346 consideramus·‚
965 1293 1114 1334 deinde
1141 1292 1211 1333 hic
1233 1292 1403 1345 quidem
1440 1292 1529 1332 istas
1565 1295 1768 1345 palmulas
1803 1296 1850 1336 in

382 1369 458 1411 fitu
496 1363 682 1407 verticali
719 1359 1084 1415 contemplamur,
1133 1358 1191 1398 ita
1225 1365 1271 1397 vt
1305 1355 1500 1410 impulsio
1534 1368 1663 1409 aquae
1699 1358 1741 1397 in
1779 1370 1848 1401 eas

382 1433 433 1474 fit
467 1427 848 1487 perpendiculari53
883 1424 1086 1479 qnoniam
1122 1434 1225 1465 vero
1258 1432 1363 1461 mox
1399 1420 1440 1459 iu
1478 1420 1598 1461 situm
1626 1420 1850 1476 obliquum

381 1495 676 1542 detruduntur,
712 1492 775 1533 vis
811 1502 942 1542 aquae
977 1486 1198 1540 impellens
1253 1485 1400 1535 vtique
1453 1483 1732 1537 diminuetur,
1780 1487 1849 1529 sed

381 1562 480 1615 quia
532 1559 702 1611 sequens
754 1552 933 1608 palmula
967 1548 1046 1592 Bb
1082 1561 1211 1603 aquae
1262 1547 1554 1601 immergitur,
1590 1548 1660 1589 illa
1693 1550 1850 1591 iactura

379 1625 463 1666 hoc
501 1622 629 1665 modo
662 1618 772 1675 quast
808 1614 1117 1671 compensatur,
1174 1613 1235 1653 ita
1269 1622 1313 1651 vt
1348 1613 1431 1653 fine
1476 1612 1648 1654 notabili
1700 1625 1847 1654 errore

382 1687 675 1742 impulfionem
727 1695 854 1736 aquae
887 1682 944 1721 ita
979 1678 1151 1722 definire
1201 1677 1347 1724 liceat,
1398 1677 1507 1729 quafi
1558 1676 1711 1718 fluuius
1748 1691 1847 1721 nor·

384 1752 548 1795 maliter
581 1752 627 1792 in
660 1745 922 1804 superficiem
958 1742 1099 1786 :bb
1135 1742 1400 1796 impingeret.

569 1891 605 1938 ς.
641 1900 684 1937 4.
768 1881 880 1925 Cum
934 1882 1061 1935 igitur
1110 1878 1343 1933 superficies
1381 1878 1501 1932 plana
1536 1877 1672 1921 :hb
1708 1877 1846 1932 impe·

382 1967 468 2000 tum
505 1953 623 1995 fluuii
661 1951 876 2003 excipiat,
911 1947 1084 1999 eiusque
1119 1946 1182 1985 vis
1218 1944 1546 1998 proportionalis
1584 1943 1632 1984 fit
1663 1943 1844 1995 quadra·

383 2033 427 2064 to
461 2015 680 2062 celeritatis
716 2014 937 2059 relatione,
973 2023 1054 2064 qua
1089 2021 1194 2061 aqua
1227 2007 1483 2061 superficiem
1520 2008 1638 2056 ferit,
1674 2007 1840 2048 euidens

383 2087 462 2133 est,
515 2083 543 2124 st
594 2078 828 2134 superficies
878 2075 947 2117 bh
985 2074 1234 2130 quiesceret,
1287 2084 1371 2114 tum
1430 2072 1605 2113 fluuium
1651 2073 1692 2112 in
1749 2082 1840 2110 eam

383 2151 593 2191 incurrere
645 2143 856 2185 celeritate
909 2140 973 2180 sua
1021 2150 1130 2178 sc.
1210 2137 1267 2178 At
1320 2149 1421 2177 vero
1474 2137 1578 2190 iplhe
1607 2134 1840 2190 palmulae

383 2224 501 2256 motu
550 2212 622 2252 suo
659 2208 824 2264 fugiunt
873 2203 987 2260 quasi
1039 2204 1245 2257 impetum
1299 2214 1428 2256 aquae
1478 2200 1686 2242 celeritate
1718 2210 1842 2246 zu,

1785 2273 1844 2302 ita
