2020 2748
549 215 664 269 ..2023
731 211 744 273 )
783 221 866 261 281
907 210 924 271 (
987 209 1102 264 &3230-

103 331 308 380 temtum,
359 340 465 384 quae
501 337 638 370 autem
678 335 797 370 extra
833 340 902 370 eos
939 334 1101 368 motum
1155 322 1271 366 suum
1321 321 1559 376 absoluunt3

102 397 212 438 inter
246 395 430 450 planetas
464 393 709 450 principales
744 392 887 433 referri
922 390 1159 431 conueniet.

286 528 319 576 ξ.
345 539 383 568 2.
450 525 702 581 Quanquam
744 533 885 565 autem
922 522 963 564 in
1000 521 1094 577 ipsis
1130 521 1193 563 his
1230 521 1430 562 limitibus
1467 532 1560 562 mo-

103 598 168 630 tus
206 591 380 631 existere
416 590 546 643 potest
583 589 769 630 maxime
821 587 1046 642 regularis,
1101 588 1256 640 quippe
1294 586 1365 640 qui
1402 586 1443 626 in
1481 585 1560 625 cir-

100 654 196 694 culo
250 655 518 695 vniformiter
570 662 863 708 perageretur:
920 662 1062 692 tamen
1113 652 1181 692 hic
1236 651 1272 691 se
1322 651 1560 690 maximum

100 718 344 772 paradoxon
380 718 554 763 obtulit,
593 719 634 758 in
672 718 750 760 hoc
803 716 1055 765 consistenS,
1108 715 1220 769 quod
1256 715 1284 754 s1
1322 725 1456 756 motus
1490 711 1563 754 vel

103 782 279 824 minime
316 782 364 823 ab
401 783 472 822 ista
508 782 769 835 regularitate
804 780 1116 833 discrepauerit:
1153 780 1194 819 in
1225 791 1275 818 eo
1305 779 1439 819 statim
1476 790 1562 817 ma-

102 847 244 887 ximae
279 846 606 900 perturbationes
638 847 674 886 se
703 844 978 893 admisceant,
1016 856 1114 896 quas
1152 842 1266 884 nullo
1302 842 1434 883 adhuc
1470 854 1563 882 mo-

100 910 156 950 do
192 911 232 950 in
267 909 537 951 Astron'omia
571 909 720 949 vfitato
756 909 805 947 ad
840 916 995 946 certam
1042 907 1178 958 legem
1231 917 1430 944 reuocare
1465 905 1563 945 lice-

99 984 150 1014 nt.
209 973 358 1025 Neque
392 972 503 1013 enim
538 972 602 1012 his
639 971 791 1012 casibus
831 969 935 1008 tales
970 968 1304 1020 perturbationes
1343 979 1460 1006 more
1497 967 1563 1006 so-

96 1035 175 1075 lito
208 1049 284 1088 per
319 1045 451 1076 certas
489 1034 642 1074 tabulas
679 1032 1001 1084 aequationum,
1054 1032 1252 1084 proxime
1287 1030 1445 1079 saltem,
1497 1042 1563 1070 re-

97 1099 348 1152 praesentari
384 1106 611 1170 poterunt,
667 1108 940 1149 quaecunque
979 1097 1107 1137 etiam
1146 1095 1291 1136 talium
1328 1094 1560 1136 tabularum

99 1172 347 1215 argumenta
382 1162 424 1202 in
470 1161 691 1203 subsidium
729 1171 958 1210 vocentur·,
1011 1171 1135 1214 atque
1170 1160 1246 1200 hae
1283 1158 1560 1212 perturbatio-

97 1238 168 1267 nes
204 1239 255 1266 eo
290 1235 413 1266 erunt
449 1225 654 1269 maiores,
713 1234 798 1273 quo
833 1222 1006 1273 propius
1043 1222 1285 1265 huiusmodi
1330 1232 1470 1263 motus
1508 1221 1557 1263 ad

98 1287 205 1342 ipsos
241 1288 397 1329 limites
431 1285 661 1339 defignatos
698 1284 948 1328 accesserint.

282 1413 316 1463 ξ.
350 1424 388 1462 3.
440 1411 551 1455 Hinc
585 1411 852 1468 intelligitur,
887 1411 964 1454 tria
997 1425 1151 1467 genera
1186 1412 1428 1458 huiusmodi
1466 1415 1558 1456 mod

97 1483 216 1517 tuum
272 1480 454 1519 maxime
506 1478 840 1532 perturbatorum
895 1478 1089 1518 constitui
1138 1478 1320 1529 debere,
1373 1491 1553 1533 quorum

99 1541 283 1594 primum
321 1554 368 1582 ea
402 1543 698 1597 complectatur
734 1555 940 1596 corpora,
990 1554 1094 1594 quae
1131 1552 1269 1584 totum
1307 1544 1424 1586 suum
1463 1556 1557 1584 mo-

101 1613 191 1646 tum
230 1607 339 1646 intra
389 1606 541 1649 limites
596 1608 826 1660 designatos
880 1607 989 1647 circa
1041 1607 1250 1660 planetam
1304 1609 1555 1663 primarium

104 1668 339 1719 absoltmnt,
394 1684 497 1724 quae
532 1684 628 1725 ergo
661 1673 708 1712 ad
746 1671 909 1712 claffem
963 1671 1175 1713 Lunarum
1231 1674 1295 1713 seu
1335 1673 1556 1713 satellitum

100 1734 241 1773 referri
276 1745 458 1787 oportet.
536 1734 654 1790 Quae
690 1747 829 1776 autem
868 1748 1047 1791 corpora
1083 1746 1206 1777 extra
1241 1737 1454 1790 sphaeram
1493 1735 1559 1775 lu-

103 1809 245 1838 narem
282 1798 347 1839 seu
385 1798 606 1841 satellitiam
642 1812 724 1840 non
762 1800 954 1855 procula
989 1799 1194 1841 limitibus
1233 1812 1400 1842 motum
1437 1800 1557 1841 suum

101 1863 211 1901 circa
239 1860 379 1903 Solem
417 1864 655 1914 absoluunt,
691 1878 740 1905 ea
775 1865 857 1906 fine
892 1864 1018 1905 dubio
1054 1865 1226 1918 planetis
1264 1864 1555 1920 principalibus

103 1928 365 1967 annumerari
397 1928 615 1979 debebunt,
652 1929 810 1970 etiamsi
846 1942 991 1970 eorum
1031 1940 1169 1970 motus
1207 1940 1425 1984 tantopere
1461 1940 1557 1981 per·

103 1990 315 2040 turbetur,
366 2001 412 2032 vt
447 1993 565 2033 nullis
600 1994 718 2047 plane
772 1992 1086 2045 aequationibus
1123 1996 1170 2035 ad
1209 2004 1368 2034 certam
1419 1992 1555 2045 legem

102 2055 246 2095 reduci
292 2067 427 2108 queat.
496 2056 690 2100 Tertium
727 2059 906 2110 denique
943 2070 1071 2112 genus
1109 2060 1256 2098 eiusim
1276 2060 1315 2100 di
1362 2069 1556 2110 compre·

102 2117 257 2159 hendet
306 2132 509 2174 corpora,
562 2135 666 2175 quae
702 2124 756 2164 ita
792 2123 960 2176 oblique
1014 2132 1291 2170 moueantur,
1345 2132 1391 2162 vt
1429 2120 1557 2161 modo

103 2195 156 2222 ex
194 2183 360 2236 sphaera
412 2185 539 2227 lunari
589 2188 876 2240 egrediantur,
934 2189 1063 2228 modo
1099 2191 1135 2227 ie
1172 2187 1325 2230 iterum
1370 2189 1410 2228 in
1463 2198 1555 2227 eam

102 2246 378 2301 immergant3
425 2252 519 2291 talia
555 2253 663 2292 enim
701 2266 877 2306 corpora
915 2252 996 2295 alio
1033 2261 1224 2306 tempore
1261 2262 1458 2307 tanquam
1498 2250 1559 2291 sa-

101 2311 203 2353 Ac7a
219 2311 342 2356 Acad.
362 2313 453 2373 Imp.
473 2314 538 2357 Sc.
558 2315 662 2358 Tom.
683 2317 747 2359 JV.
766 2320 808 2359 P.
831 2316 861 2358 Ι.
1135 2315 1177 2358 Ν
1200 2329 1225 2356 n
1448 2315 1560 2356 telli-
