2020 2748
596 187 711 238 ee
775 182 790 240 )
828 194 919 236 27⁷
954 181 970 239 (
1034 183 1150 237 &0³³-

142 309 187 351 0,
208 309 379 350 00029,
406 298 488 343 hoc
523 299 578 342 est
614 310 739 354 quam
760 300 851 350 ῑδξσδ,
888 307 977 339 tum
1014 297 1180 352 insuper
1214 295 1256 337 in
1291 294 1500 338 calculum
1535 297 1599 338 in-

141 366 308 412 troduci
345 367 496 407 neceffe
531 365 587 405 est
624 364 856 413 terminos,
891 363 963 415 qni
1000 363 1193 403 oriuntur
1228 373 1280 403 ex
1315 361 1601 402 combinatio-

142 441 195 470 ne
238 428 436 471 binorum
471 429 773 476 terminorum,
810 428 883 481 qui
919 428 998 468 iam
1035 426 1207 479 angulos
1248 439 1271 465 2
1294 441 1319 475 η
1360 436 1404 466 et
1438 421 1465 480 ζ
1499 437 1601 466 con-

142 494 292 543 tinent,
328 493 436 534 vnde
472 493 687 535 nascuntur
722 492 820 532 noui
856 491 1009 546 anguli,
1038 490 1191 531 scilicet
1216 503 1238 529 2
1259 487 1299 544 ζ’,
1337 501 1461 544 atque
1495 489 1600 530 adeo

140 570 271 612 porro
308 569 331 607 3
352 552 409 610 ζ,
459 552 533 610 4ζ
566 567 645 598 etc.
698 569 745 596 ac
781 569 994 609 praeterea
1027 556 1154 596 etiam
1190 554 1329 610 anguli
1368 568 1437 604 2⁶⁹1
1461 557 1518 610 -ξ
1541 549 1607 607 ζ;

139 622 232 662 imo
265 622 390 663 etiam
427 633 554 674 porro
593 634 616 662 2
643 635 669 670 η
691 625 748 676 ss
774 632 798 658 2
819 615 860 673 ζ,
899 633 923 659 2
944 635 970 669 η
994 624 1053 676 1⁴:
1079 633 1102 670 3
1125 616 1152 673 ζ’
1172 631 1250 662 etc.
1316 619 1384 660 Ex
1419 631 1502 672 quo
1535 620 1601 658 in-

141 686 370 739 telligitur,
423 698 508 739 quo
546 686 680 726 maior
716 685 843 725 fuerit
876 686 1168 726 excentricitas
1204 701 1243 741 γ
1265 714 1276 734 ,
1327 697 1378 724 eo
1414 682 1598 738 pluribus

141 762 245 804 opus
297 750 375 790 ess‘e
428 750 756 794 correctionibus
809 748 858 790 ad
902 750 1045 790 locum
1093 749 1184 790 talis
1219 749 1362 791 Lunae
1398 748 1598 791 determi-

138 815 339 856 nandum.

327 939 362 986 §-
399 944 498 987 37.'
538 936 656 977 Haec
692 938 748 975 ita
783 936 820 975 se
855 935 1019 982 habent,
1056 936 1227 988 quando
1256 931 1454 979 numerus
1476 953 1596 981 reuo-

135 998 345 1040 lutionum
389 1000 612 1052 quotannis
647 998 907 1050 peractarum
945 1010 1029 1037 non
1066 998 1304 1040 notabiliter
1349 1003 1488 1042 minor
1542 1004 1599 1044 est

135 1075 263 1116 quam
302 1073 374 1115 50,
408 1062 490 1102 fine
525 1061 714 1102 distantia
751 1062 889 1103 media
924 1074 1008 1102 non
1047 1062 1229 1104 multum
1266 1064 1428 1119 superat
1451 1078 1503 1116 25
1537 1067 1598 1107 se·

134 1125 424 1167 midiametros
469 1126 689 1167 terrestreS.
773 1122 1101 1167 Consideremus
1136 1140 1246 1169 nunc
1284 1131 1414 1171 etiam
1451 1131 1597 1182 casus,

134 1189 285 1243 quibus
321 1190 510 1230 distantia
543 1203 569 1229 α
604 1189 784 1230 multum
821 1190 988 1240 superat
1023 1191 1133 1230 hunc
1170 1192 1366 1232 limitem.
1410 1195 1478 1236 Ac
1515 1196 1600 1249 pri.

135 1265 210 1294 mo
254 1252 425 1304 quidem
471 1262 644 1290 omnem
682 1251 1044 1292 excentricitatem
1080 1266 1404 1309 remoueamus,
1456 1259 1515 1299 ita
1547 1268 1596 1301 vt

138 1327 285 1356 omnes
329 1313 638 1366 inaequalitates
675 1327 697 1354 ει
733 1314 820 1354 solo
871 1316 1025 1369 angulo
1059 1331 1085 1367 η
1121 1319 1360 1372 pendeant,
1413 1331 1456 1363 et
1491 1336 1599 1377 quo·

131 1381 249 1420 ‘niam
288 1386 373 1420 tum
409 1378 752 1432 binos-pluresue
788 1379 1030 1421 huiusmodi
1066 1382 1234 1435 angulos
1268 1386 1452 1427 inuicem
1481 1400 1595 1429 com-

136 1443 271 1485 binati
323 1453 500 1497 oportet,
551 1452 714 1496 praeter
760 1442 956 1497 angulum
998 1457 1069 1494 2η
1105 1447 1234 1487 etiam
1272 1450 1360 1491 eius
1398 1451 1593 1506 multipla

136 1507 179 1549 in
216 1518 463 1561 computum
498 1507 795 1560 ingredientur,
831 1508 990 1549 scilicet
1015 1524 1114 1560 4η,
1152 1514 1228 1562 6η
1266 1523 1371 1567 etc.;
1407 1525 1495 1557 tum
1520 1529 1596 1557 ve-

137 1585 202 1622 ro,
231 1573 346 1612 aucta
377 1571 560 1614 distantia
594 1586 618 1613 a
652 1571 720 1612 vel
756 1585 799 1620 v,
836 1572 953 1613 series
990 1587 1067 1628 pro
1101 1577 1134 1628 „³³
1173 1577 1345 1619 inuenta
1380 1593 1510 1634 vsque
1545 1582 1595 1624 ad

140 1636 310 1677 tertium
346 1637 568 1678 terminum
605 1637 774 1678 extendi
811 1636 995 1688 debebit,
1031 1641 1142 1681 vnde
1179 1641 1221 1680 in
1258 1644 1410 1686 nostras
1441 1658 1594 1699 aequa·

129 1702 274 1741 -tiones
322 1702 447 1741 etiarn
484 1700 619 1754 anguli
654 1716 684 1759 ⁷7
719 1712 761 1742 et
799 1715 822 1752 3
846 1715 873 1751 η
908 1703 1224 1756 ingredientur,
1276 1722 1297 1748 a
1334 1709 1482 1761 quibus
1517 1721 1592 1751 eae

138 1765 418 1806 correctiones
452 1766 643 1818 pendent,
679 1777 784 1818 quae
821 1767 1114 1821 parallafflcae
1146 1772 1289 1813 vocari
1308 1772 1451 1824 solent,
1486 1786 1593 1829 quo-

129 1830 250 1870 'niam
284 1844 307 1870 a
341 1842 438 1870 vera
471 1830 654 1872 distantia
688 1829 796 1872 Solis
833 1845 855 1872 a
890 1830 1027 1874 Terra
1060 1835 1256 1888 pendent.

323 1958 357 2006 §-
396 1966 468 2007 38.
533 1956 688 2013 Quodsi
740 1959 822 2001 iarn
876 1966 1088 2013 praeterea
1133 1962 1426 2003 excentricitas
1462 1973 1589 2016 quarn

141 2018 315 2060 minima
349 2024 534 2072 accedat,
570 2024 634 2064 cui
669 2022 914 2076 respondeat
947 2025 1154 2065 anomalia
1187 2021 1227 2078 ζ,
1263 2037 1425 2079 praeter
1460 2039 1590 2080 angu-

136 2083 199 2123 los
237 2094 329 2126 ante
366 2097 620 2129 memoratos
655 2090 815 2140 insuper
850 2088 1168 2129 introducentur
1204 2090 1344 2144 anguli
1383 2087 1589 2145 wad-{5

141 2162 213 2197 4η
241 2153 296 2190 -4—
323 2145 352 2202 ζ
398 2166 442 2193 ac
478 2153 637 2193 fortasse
672 2153 796 2194 etiam
834 2156 861 2190 6
882 2165 907 2200 η
931 2156 988 2208 ss
1012 2147 1062 2205 <3
1100 2164 1190 2195 tum
1226 2167 1332 2195 vero
1366 2144 1588 2199 etiarn-ex

136 2213 403 2264 parallasticis
439 2226 576 2257 natae:
610 2232 636 2268 η
659 2222 718 2276 ss
738 2211 764 2271 ζ
783 2224 824 2257 et
846 2228 867 2264 3
891 2230 916 2266 η
942 2222 998 2273 ss
1019 2213 1060 2272 ζ.
1097 2216 1172 2260 Sin
1205 2229 1347 2261 autem
1376 2222 1589 2262 excentri-

823 2280 874 2322 M
894 2295 934 2322 m
972 2295 997 2333 3
1490 2285 1589 2328 citas
