2020 2748
611 204 725 256 »teg
787 197 981 259 ›1⁵5‹
1041 200 1159 253 ἓίεὲω

163 315 335 360 Eulerus
369 315 411 355 in
449 309 774 356 Commentariis
825 311 1156 356 Berolinenfibus
1206 312 1302 354 anni
1362 323 1478 366 1753
1523 326 1609 357 non

161 382 333 434 plenam
369 381 498 420 modo
535 379 699 419 tradidit
733 377 851 420 huius
898 378 1164 433 problematis
1215 378 1492 426 solutionem,
1543 378 1610 419 sed

161 456 217 484 ex
253 446 395 484 eadem
432 454 597 494 quoque
632 440 792 482 tabulas
828 443 1061 482 construere
1097 440 1306 497 ballistims
1348 443 1514 492 docuit3
1565 451 1610 481 et

160 509 202 548 in
241 508 387 547 iisdem
426 503 750 545 Commentariis
801 506 898 546 anni
938 515 1055 554 1773
1095 504 1159 544 Ill.
1196 504 1434 547 Lambertus
1472 504 1611 559 stolae

156 567 391 625 ballisticae,
411 568 499 621 ipfis
529 567 590 608 his
612 568 755 609 tabulis
776 569 1094 622 super-structae,
1114 570 1466 611 constructionem
1502 567 1610 609 haud

159 634 362 674 medlocri
410 632 579 684 ingenio
613 633 654 672 in
697 631 834 674 lucem
868 633 1065 687 protulit;
1115 644 1202 685 quo
1249 644 1390 673 tamen
1439 633 1609 685 egregio

156 697 298 738 labore
334 705 512 747 vtroque
549 695 586 734 id
620 695 813 736 effeetum
851 697 928 736 effe
964 696 1150 737 nondum
1186 697 1371 749 constat,
1406 706 1476 743 vt,
1525 694 1612 734 bal-

155 760 326 801 listicam
362 761 433 812 qni
469 770 668 799 exercent
719 768 878 808 artem,
932 759 1088 798 tabulas
1125 759 1166 798 in
1203 771 1371 811 promtu
1406 758 1608 808 habeant,

156 834 212 863 ex
246 824 393 875 quibus
430 823 469 861 in
504 826 595 862 ae're
630 821 860 869 resistente,
894 821 1050 863 calculo
1076 833 1159 862 non
1186 824 1443 875 operosiore,
1481 833 1609 875 quam

153 887 197 927 in
234 899 367 926 vacuo
402 897 457 926 ex
493 885 638 924 tabulis
670 884 964 931 Belidorianis,
1000 886 1084 925 dati
1120 886 1249 924 iactus
1284 886 1607 935 amplitudinem

152 949 387 1001 computari
429 948 562 986 liceat.
646 945 853 997 Quamuis
905 946 1018 984 enim
1055 944 1117 983 111.
1153 942 1312 984 Comes
1347 946 1396 986 de
1432 946 1610 987 Grame-

152 1012 238 1049 nitz
274 1009 504 1048 octodecim
540 1006 746 1046 eiusmodi
794 1005 950 1046 tabulas
985 1006 1037 1046 ad
1072 1006 1242 1046 ductum
1296 1006 1486 1048 theoriae
1521 1008 1609 1048 Eu-

148 1071 320 1111 Ierianae
353 1069 683 1121 comminuerit,
738 1081 866 1121 quae,
927 1069 956 1110 fi
991 1069 1144 1123 species
1180 1070 1508 1112 traiectoriarum
1544 1071 1610 1110 in-

149 1143 214 1175 ter
246 1133 480 1175 ostodecim
532 1131 623 1172 istas
676 1131 947 1173 intermediae
999 1133 1227 1173 commoda
1277 1133 1606 1188 interpolatione

148 1196 314 1238 definiri
348 1196 598 1250 poffent,ad
625 1207 800 1236 omnem
836 1196 935 1235 artis
971 1196 1188 1236 ballisticae
1223 1200 1341 1239 vsum
1379 1198 1608 1250 praeticum

148 1259 334 1301 sufficere
371 1259 504 1298 videri
537 1258 716 1309 possentz
766 1267 929 1306 tamen,
972 1257 1002 1297 fi
1037 1257 1104 1299 vel
1139 1259 1327 1300 maxime
1357 1260 1454 1300 istae
1488 1259 1608 1300 tabu-

153 1322 216 1362 lae
252 1319 469 1362 facillimae
514 1319 562 1358 ad
614 1319 764 1371 praxin
815 1319 1100 1372 adplicationis
1150 1323 1298 1371 effent,
1351 1323 1400 1362 ad
1435 1324 1607 1377 experi-

151 1394 297 1427 menta
347 1383 438 1424 istas
488 1382 708 1433 adplicanti
758 1382 872 1422 facile
924 1383 1103 1436 patebit,
1151 1384 1202 1424 iis
1245 1386 1288 1425 in
1332 1386 1508 1434 casibus,
1558 1389 1605 1427 in

151 1448 301 1503 quibus
352 1443 586 1486 traiee‘toria
634 1443 747 1495 globi
797 1446 907 1485 inter
956 1447 1189 1487 octodecim
1253 1449 1421 1490 istarum
1474 1450 1606 1503 speci-

150 1523 271 1553 erum
323 1509 438 1550 binas
489 1507 735 1547 intermedia
788 1508 865 1558 est,
919 1508 968 1547 ab
1018 1511 1319 1563 experimentis
1371 1514 1485 1564 saepe
1541 1513 1603 1552 ni-

152 1575 287 1616 mium
339 1570 544 1612 diffentire
579 1582 666 1619 eas,
717 1579 841 1623 atque
874 1572 976 1612 adeo
1011 1572 1080 1612 sub
1117 1573 1244 1614 certis
1280 1574 1462 1615 iastuum
1500 1588 1603 1615 con·

151 1635 380 1678 ditionibus
415 1634 534 1687 plane
569 1646 652 1673 non
688 1634 949 1687 applicabiles
984 1636 1089 1685 effe,
1126 1648 1209 1676 non
1247 1638 1352 1678 vitio
1388 1637 1600 1684 theoriae,

152 1709 220 1743 aut
254 1698 485 1739 tabularum
533 1696 765 1749 erroribus,
815 1697 880 1738 sed
917 1697 970 1738 ob
1005 1711 1131 1740 vnam
1168 1699 1501 1755 interpolationis
1539 1705 1602 1742 in-

152 1762 456 1805 sufficientiam.
530 1759 676 1810 Adde,
729 1763 838 1814 qnod
876 1762 917 1801 in
964 1762 1052 1815 ipso
1104 1763 1335 1806 tabularum
1369 1778 1391 1804 a
1426 1762 1599 1807 Comite

154 1826 396 1869 Graeueniez
448 1824 770 1865 constructarum
825 1828 895 1865 vsu
952 1825 1075 1867 binae
1136 1828 1418 1882 amplitudinis
1472 1829 1599 1869 ianus

150 1900 294 1947 partes
345 1901 422 1942 pro
476 1888 731 1929 traiectoriae
783 1901 904 1929 ramo
954 1889 1194 1932 ascendente
1238 1902 1280 1932 et
1324 1892 1596 1931 descendente

151 1952 372 2007 separatim
410 1952 708 2004 computandae
744 1952 846 2000 fior,
881 1961 922 1991 et
957 1954 1068 2005 qnod
1105 1956 1133 1994 ii
1169 1954 1302 2004 casus,
1339 1956 1410 2006 qui
1445 1954 1499 1995 ob
1534 1967 1598 1993 m-

154 2015 442 2069 terpolationis
492 2014 820 2056 insufficientiam
857 2027 911 2054 ex
949 2015 1092 2055 tabulis
1146 2018 1275 2057 modo
1322 2016 1439 2057 dietis
1482 2030 1598 2058 com-

152 2080 286 2136 putari
322 2090 406 2118 non
441 2078 624 2131 possunt,
674 2078 699 2118 fi
748 2079 839 2131 quis
873 2091 943 2119 eos
980 2091 1036 2119 ex
1070 2079 1161 2133 ipfis
1214 2079 1402 2122 formulis
1452 2081 1597 2122 funda-

153 2143 402 2185 mentalibus
454 2152 697 2195 computare
733 2142 885 2191 vellet,
937 2143 1114 2184 calculos
1150 2144 1362 2197 requirant
1397 2145 1598 2198 operosis·

153 2206 294 2250 (imos.
360 2203 480 2261 Quae
516 2217 610 2247 cum
645 2205 701 2246 ita
733 2205 834 2258 iim,
885 2218 1035 2258 operae
1086 2206 1190 2249 mihi
1241 2209 1424 2263 pretium
1461 2209 1594 2249 visum

905 2268 951 2310 V
987 2283 1012 2310 2
1516 2273 1597 2323 est,
