2020 2748
582 201 696 253 *νὲἐέ
761 198 953 257 )133(
1017 201 1132 254 ἔξω

129 311 226 367 effct
258 312 326 352 vel
363 311 496 354 maior
527 310 594 352 vel
630 311 790 362 minor,
837 312 963 355 etiam
1001 313 1128 355 aestus
1167 309 1315 353 marini
1351 312 1446 354 inde
1483 318 1580 369 proi

128 375 269 429 ditent
322 375 402 431 vel,
441 376 622 418 minores
655 377 721 416 vel
757 377 956 428 maiores,
1010 390 1104 418 cum
1157 385 1307 418 tamen
1351 378 1578 421 secundum

126 429 224 478 vera
275 439 477 493 principia
526 438 649 478 huius
693 438 902 483 Theoriae
955 441 1221 496 postmodum
1275 440 1449 484 stabilita
1500 441 1578 484 hae

128 502 452 544 circumstantiae
488 500 590 543 nihil
625 501 674 543 ad
708 502 879 558 scopum
915 507 1142 547 conferant.

307 626 341 677 ς.
378 637 416 664 2.
498 623 753 679 Quanquam
804 633 947 667 autem
1000 623 1069 667 hic
1119 627 1340 681 praecipua
1393 628 1580 690 quaestio

125 691 229 733 circa
267 699 428 731 motum
465 690 588 729 maris
639 688 898 738 versabatur,
956 700 1094 730 tamen
1140 703 1310 740 omnes,
1363 693 1434 745 qui
1487 694 1573 732 eius

124 755 414 795 enodationem
461 752 534 792 illo
581 762 770 804 tempore
807 752 1087 806 susceperunt,
1138 755 1325 796 vnanimi
1377 746 1576 796 consensu

123 827 406 871 agnouerunt‚
458 815 561 854 nihil
595 815 636 853 in
673 815 749 855 hac
785 828 828 855 re
862 817 1124 858 determinari
1161 820 1293 871 posse,
1330 818 1402 859 nifi
1449 819 1573 878 status

123 881 379 935 aequihhrii,
415 879 457 919 in
490 891 577 931 quo
611 890 812 926 oceanus,
848 891 870 918 a
904 879 1061 919 viribus
1098 891 1181 920 tam
1205 879 1311 920 Solis
1347 893 1470 933 quam
1491 883 1577 922 Lu-

121 956 196 984 nae
230 944 429 996 agitatus,
465 940 721 991 acquiescere
761 950 900 992 queat,
933 951 1147 980 accuratae
1183 941 1575 994 definiatu1·;,vnde,

119 1008 246 1045 etiam
280 1004 400 1043 istum
439 1000 670 1054 aequilibrii
720 1001 866 1042 statum
904 1012 958 1041 ex
993 1003 1205 1056 principiis
1242 1013 1329 1044 tum
1370 1008 1572 1060 temporis

118 1067 294 1120 cognitis
346 1066 623 1107 determinare
659 1066 749 1103 sunt
794 1065 957 1114 conati,
1004 1066 1104 1106 dnm
1141 1079 1193 1108 ex
1240 1068 1427 1118 viribus,
1481 1071 1572 1124 qui-

117 1130 191 1171 bus
230 1129 381 1183 singula
418 1128 567 1182 punCia
601 1127 644 1167 in
689 1126 903 1181 superficie
957 1130 1079 1170 maiis
1133 1130 1428 1183 sollicitantur,
1478 1147 1571 1176 eam

117 1207 287 1235 curuam
326 1192 645 1244 inuestigarunt‚
691 1203 797 1244 quae
836 1193 884 1231 ad
920 1205 1065 1233 omnes
1118 1207 1261 1234 earum
1319 1196 1472 1235 virium
1509 1199 1574 1238 di-

118 1258 320 1297 rectiones
356 1255 508 1294 medias
543 1254 639 1291 esset
676 1253 890 1302 normam,
926 1256 1041 1305 quod
1076 1257 1327 1309 principium
1359 1261 1502 1312 vtique
1526 1263 1568 1302 in

119 1330 263 1359 natura
298 1319 354 1357 rei
391 1316 445 1355 est
480 1314 723 1361 fundatum,
772 1315 841 1355 sed.
872 1316 1138 1371 difficillimas
1175 1320 1433 1370 euolutiones
1471 1338 1569 1366 ana-

119 1383 263 1434 lyticas
300 1378 499 1433 postulat,
535 1389 633 1428 quas
657 1378 748 1428 vbi,
783 1391 828 1419 ac
862 1392 914 1420 ne
950 1381 1024 1421 vix
1061 1383 1247 1434 qu1dem,
1285 1385 1483 1437 expedire
1519 1389 1569 1428 li-

119 1447 214 1486 cuit.
279 1446 389 1483 Tum
424 1450 528 1485 vero
565 1440 691 1479 etiam
731 1441 776 1479 ad
814 1442 971 1483 canales
1008 1457 1137 1497 vsque
1172 1447 1219 1485 ad
1257 1458 1440 1489 centrum
1464 1450 1567 1493 Ter-

116 1521 184 1559 rae
236 1512 460 1546 excauatos
511 1500 787 1554 confugerunt
822 1513 861 1543 et
896 1505 938 1544 in
974 1519 1064 1546 eam
1101 1507 1278 1560 figuram
1332 1513 1454 1551 maris
1502 1516 1567 1555 in-‘

117 1570 392 1624 quifiuerunt,
441 1575 487 1606 vt
523 1577 667 1621 omnes
712 1566 781 1606 iste
817 1566 1032 1610 columnae
1082 1569 1233 1611 fierent
1285 1574 1570 1627 aequipondoe

117 1643 281 1680 rantes,
334 1643 437 1683 quae
496 1628 755 1680 inuestigatio
813 1632 959 1684 vtique
1018 1635 1209 1675 exactam
1273 1638 1566 1689 cognitionem

117 1697 341 1738 structurae
380 1694 561 1733 internae
593 1692 706 1745 globi
744 1696 948 1746 terraquei
984 1698 1242 1750 requiiebat,
1291 1712 1414 1753 quam
1454 1706 1566 1757 quis·
1615 1750 1620 1751 ⁷

118 1773 198 1814 que
234 1772 311 1812 pro
347 1757 514 1798 arbitrio
546 1756 602 1795 ita
636 1755 837 1804 finxerat,
873 1769 1014 1810 proutt
1051 1760 1176 1815 scopo
1211 1763 1425 1816 proposito
1476 1781 1563 1810 ma-

117 1826 235 1865 xime
271 1822 493 1862 conuenire
526 1820 753 1869 videbatur,
790 1834 884 1861 cum
925 1833 1064 1864 tamen
1104 1828 1385 1879 nuncquidem
1423 1832 1562 1872 astum

115 1887 187 1937 sit,
221 1886 316 1926 inde
351 1886 426 1925 vix
459 1883 680 1936 quicquam
716 1887 763 1926 ad
800 1885 912 1926 hune
947 1887 1127 1941 scopum·
1150 1891 1343 1931 conferri.

304 2013 336 2060 §.
374 2023 411 2060 3.
478 2008 594 2052 Cum*
623 2012 748 2066 igitur
783 2012 870 2065 post
906 2011 1004 2054 illud
1060 2025 1222 2069 tempus
1269 2017 1473 2058 theoriam
1510 2020 1561 2060 de

116 2075 361 2127 aequilibrio
397 2075 617 2116 fluidorum
654 2077 711 2115 ita
748 2076 848 2117 mihi
887 2078 1077 2118 excolere
1114 2090 1156 2119 et
1193 2081 1232 2118 in
1284 2082 1420 2121 lucem
1458 2097 1559 2123 con-

114 2140 278 2180 stituere
315 2139 562 2190 contigerit,
611 2150 655 2180 vt
692 2141 793 2180 nihil
828 2142 995 2193 insuper
1028 2143 1238 2184 defiderari
1294 2156 1442 2197 queat
1493 2148 1558 2188 his

115 2203 224 2243 veris
257 2202 470 2257 principiis
505 2203 684 2244 infistens
719 2204 821 2245 illud
859 2217 1151 2256 argumentum
1183 2208 1318 2251 denuo
1347 2209 1433 2249 sum
1475 2211 1556 2250 sus-

875 2268 906 2307 R
944 2279 966 2317 3
1418 2284 1557 2325 ceptu-
