2020 2748
593 264 706 317 ⁰221ss
774 262 967 321 )239(
1031 263 1143 314 ἓὲνΐω

141 374 360 427 drachma3
394 374 570 422 flauum,
599 374 790 423 volatile,
825 375 1169 428 empireumatico
1205 372 1361 420 odore,
1397 373 1439 412 in
1468 372 1593 414 'chara

144 439 192 477 tis
229 439 475 490 probatoriis
528 438 631 479 acidi
684 439 850 478 effestus
903 438 1094 479 exseruit.
1162 439 1439 489 Aliquantum
1488 436 1595 476 acidi

143 501 267 540 etiam
303 514 408 555 aqua
442 501 665 553 prodebat,
716 496 855 559 (Exp.
892 498 1039 554 citat),
1094 515 1198 555 quae
1242 499 1448 539 abluendo
1502 500 1600 540 oleo

147 564 404 604 inseruierat.
475 563 711 615 Vtrumque
745 565 872 617 igitur
922 565 1133 617 liquorum
1173 565 1249 606 sale
1285 564 1429 604 tartari
1466 575 1599 617 puro,

151 626 334 668 contrito
368 628 540 668 saturaui
575 628 826 668 exactiffime
862 641 996 681 eoque
1033 629 1332 682 quinquaginta
1379 639 1507 679 grana
1542 628 1601 666 sa-

147 692 195 730 lis
231 691 350 730 huius
386 691 566 731 adhibui.
649 691 810 745 Liquor
845 691 1020 732 filtratus
1057 691 1364 737 neutralisatus,
1408 690 1600 743 praebuit

146 754 265 794 tafem
303 753 561 793 simillimum
599 755 681 803 ilii,
732 767 857 807 quem
894 755 1016 807 adeps
1052 767 1192 795 recens
1229 755 1365 808 (Exp.
1406 754 1472 806 8.)
1506 754 1601 806 sup·

149 816 428 870 peditauerat,
478 818 721 857 drachmam
759 830 852 857 cum
890 818 1160 871 quadraginta
1194 817 1330 871 granis
1373 816 1595 870 aequabat,

147 889 186 920 et
221 879 330 921 nulia
364 880 562 921 vlteriore
597 881 871 934 deputatione
907 890 1069 922 curatus
1104 881 1191 921 fuit

332 1007 366 1052 ξ.
405 1016 472 1051 24-
539 1004 671 1057 Igitur
705 1003 851 1042 decem
886 1002 1019 1043 vnciis
1056 1002 1188 1057 adipis
1236 1001 1440 1052 recentis,
1490 1001 1605 1055 dige-

148 1070 276 1110 stione
312 1065 533 1113 uastata,
569 1065 883 1106 continebatur:

216 1193 254 1220 ι.
289 1176 513 1229 Mucilago,
566 1156 680 1217 cuius
730 1177 981 1218 desiccatum
1027 1179 1190 1234 pondus¹
1225 1174 1419 1228 aequauit
1451 1171 1598 1214 drach-

333 1252 418 1280 mas
455 1237 510 1279 V.
545 1240 685 1290 (Exp.
719 1236 805 1290 15.)
1170 1246 1173 1248 ·

217 1344 256 1377 2.
290 1331 475 1382 Ph.‹'egma
510 1329 689 1377 acidum,
745 1330 875 1370 tribus
927 1330 1262 1373 destinationibus
1296 1332 1345 1372 ad
1381 1331 1480 1381 Zfiss.
1518 1330 1596 1377 313.

340 1394 473 1448 (Exp.
516 1389 746 1445 17-19.)
788 1393 934 1446 idque,
986 1393 1105 1434 fimul
1155 1408 1250 1437 cum
1303 1395 1440 1436 lotura
1491 1394 1604 1444 olei,

338 1469 461 1509 grana
495 1456 792 1509 quinquaginta
824 1456 929 1497 acidi
961 1457 1086 1499 dedit.

220 1565 258 1602 3.
296 1550 430 1593 Oleum
480 1550 728 1603 pellucidum
767 1549 1084 1602 rufo-flauum,
1135 1553 1246 1605 quod
1293 1554 1380 1608 post
1432 1553 1600 1596 tertiam

342 1614 651 1655 destillationem
703 1613 835 1670 (Exp.
877 1611 971 1668 19.)
1019 1616 1178 1669 pondus
1227 1617 1291 1665 §v
1326 1628 1368 1659 et
1403 1616 1481 1663 3v.
1536 1629 1604 1657 ae·

339 1689 502 1730 quavit:
531 1719 534 1722 Δ

220 1785 261 1822 4.
298 1769 486 1813 Carbonis
520 1772 640 1813 terrei
675 1772 825 1814 eodem
860 1772 971 1828 Exp.
1012 1784 1083 1822 19.
1119 1772 1316 1827 superfuit
1350 1773 1564 1815 sescuncia.

341 1911 538 1954 Produaa
571 1914 707 1967 igitur,
745 1917 926 1970 pondere
961 1917 1109 1958 massae
1145 1917 1352 1960 adhibitae
1386 1917 1601 1958 drachma-

154 1987 247 2015 rum
290 1976 472 2028 quinque
521 1987 560 2018 et
610 1978 801 2020 dimidiae
842 1979 986 2020 valore
1023 1981 1185 2021 minora
1236 1980 1426 2029 fuerunt,
1477 1980 1598 2021 iusta-

156 2051 234 2089 que
270 2050 322 2078 ex
358 2039 438 2079 hoc
475 2042 615 2081 amiffo
647 2043 831 2096 pondere
864 2045 1137 2097 proportione
1173 2044 1360 2097 augenda
1393 2043 1494 2084 sunt.

344 2161 388 2204 Si
424 2177 519 2205 cum
554 2163 617 2205 his
649 2168 833 2211 conferas
869 2170 1070 2225 produt‘ta
1120 2170 1249 2225 adipis
1302 2170 1480 2212 recentis
1514 2180 1599 2210 non

158 2226 358 2281 digestae,
401 2227 629 2282 apparebit:

1374 2292 1378 2296 ⁵
1429 2320 1467 2349 1.
1502 2307 1610 2349 Rau·-
